3262 5430
726 770 904 838 ..71-

354 927 447 989 Tollit
459 942 493 986 se
508 927 670 985 arrectum
686 922 885 1002 quadrupes
902 927 934 986 et
949 924 1091 988 calcibus
1103 943 1199 988 auras

342 1025 522 1097 ‘Verberat
536 1021 741 1100 effusumque
757 1023 901 1100 equitem
914 1041 1012 1103 super
1027 1025 1097 1103 ipse
1113 1030 1245 1087 secutus
1319 1055 1321 1060 v

354 1123 513 1203 lmplicat,
528 1122 696 1198 ejectoque
711 1119 870 1180 incumbit
880 1139 1021 1184 cernuus
1033 1121 1190 1204 arm0(l).
1277 1179 1279 1183 ,

294 1293 296 1298 ’
333 1292 575 1406 ‚Serpentium
592 1309 783 1404 adspectu,
800 1331 910 1403 quem
938 1309 1106 1407 plerique
1126 1309 1239 1399 insito
1254 1311 1330 1383 lor·

290 1435 387 1510 sitan
400 1432 612 1508 christianis
629 1434 782 1506 horrore
793 1456 1025 1523 aversamur,
1045 1439 1082 1508 et
1104 1435 1330 1509 Nicandrum

292 1564 328 1633 et
350 1557 556 1655 Vergilium
596 1557 690 1632 sieut
711 1555 803 1631 lenti
846 1559 1147 1655 eoruscantisque
1186 1558 1328 1655 torquis
1406 1546 1409 1556 ¹

292 1689 449 1759 tractatu
463 1682 702 1780 singulariter
718 1689 902 1756 recreatos
915 1707 996 1757 esse
1010 1685 1243 1759 manilestum
1258 1669 1327 1758 est.

291 1808 365 1880 Nec
386 1805 508 1880 minus
529 1827 656 1878 eorum
670 1803 775 1877 molli
789 1805 885 1878 flexu
898 1830 1007 1901 quam
1021 1806 1162 1904 fulgore
1175 1805 1327 1904 Vergilii

291 1930 389 2029 oculi
409 1929 672 2003 recreabantur
693 1953 702 1999 ε

349 2112 562 2191 Improvisam
577 2110 682 2188 aspris
694 2111 794 2171 veluti
807 2112 863 2188 qui
878 2093 1026 2174 sentibus
1037 2131 1177 2195 anguem

351 2211 473 2273 Pressit
489 2209 579 2270 humi
596 2208 714 2284 nitere,
731 2209 944 2289 trepidusque
960 2219 1093 2290 repente
1109 2214 1229 2294 refugit
1278 2297 1280 2302 ,

349 2309 559 2370 Attollentem
572 2307 637 2367 iras
651 2310 683 2366 et
695 2307 813 2368 caerula
823 2307 905 2369 eolla
917 2313 1096 2371 tumentem
1110 2311 1165 2392 (ᾖ).

348 2443 458 2516 Qualis
475 2441 530 2501 ubi
545 2441 579 2500 in
593 2439 699 2501 lucem
715 2442 857 2517 coluber,
875 2443 960 2504 mala
974 2447 1123 2524 gramina
1140 2452 1266 2524 pastus

350 2540 478 2620 Frigida
491 2538 551 2600 sub
565 2543 651 2599 terra
665 2540 824 2600 tumidum
840 2559 936 2619 quem
946 2541 1062 2605 bruma
1076 2544 1216 2623 tegebat,

348 2640 438 2699 Nunc
451 2636 566 2716 positis
580 2654 683 2696 novus
700 2637 825 2698 exuviis
840 2639 1028 2719 nitidusque
1038 2640 1175 2719 juventa

347 2737 486 2798 Lubrica
499 2734 661 2796 convolvit
672 2735 799 2797 sublato
814 2742 947 2814 pectore
962 2745 1055 2819 terga
1069 2739 1123 2820 (3).

412 2872 549 2947 Jamque
564 2870 641 2948 fuga
654 2868 804 2930 timidum
820 2877 918 2962 eaput
930 2873 1056 2935 abdidit
1068 2875 1143 2943 alte,

345 2971 424 3031 Cum
437 2966 535 3028 medii
551 2984 653 3027 nexus
668 2971 888 3048 extremaeque
902 2972 1034 3048 agmina
1048 2973 1158 3033 caudae

344 3065 531 3133 Solvuntur,
546 3062 723 3142 tardosque
739 3066 840 3127 trahit
854 3066 945 3127 sinus
961 3070 1095 3130 ultimus
1120 3071 1216 3131 orbes
1240 3071 1249 3151 (
1274 3072 1297 3151 ).

346 3200 455 3272 Qualis
467 3215 552 3275 saepe
567 3198 626 3258 viae
640 3197 820 3276 deprensus
835 3200 868 3259 in
883 3219 1000 3280 aggere
1016 3220 1162 3280 serpens

345 3299 448 3359 nerea
463 3314 559 3375 quem
573 3295 742 3375 obliquum
757 3302 829 3358 rota
844 3300 983 3372 transiit,
1000 3306 1056 3362 aut
1070 3304 1179 3382 gravis
1191 3305 1257 3364 ictu

282 3456 285 3459 ,
347 3395 546 3456 seminecem
559 3394 654 3473 liquit
669 3412 746 3455 saxo
762 3395 972 3475 lacerumque
987 3399 1102 3471 viator,
1205 3427 1207 3433 ·
1235 3462 1238 3469 ,

343 3492 546 3571 Nequiquam
557 3492 672 3571 longos
693 3493 822 3572 fugiens
835 3494 891 3555 dat
908 3514 1043 3574 corpore
1064 3502 1180 3572 tortus

343 3592 438 3653 Parte
455 3591 556 3663 ferox,
569 3589 755 3669 ardensque
769 3593 880 3660 oeulis,
900 3599 930 3654 et
946 3594 1041 3656 sibila
1053 3595 1136 3657 eolla

343 3687 470 3749 Arduus
483 3686 636 3749 attollens
648 3705 655 3760 ;
673 3706 749 3766 pars
764 3689 899 3751 vulnere
914 3693 1029 3754 clauda
1042 3699 1182 3757 retentat

340 3786 510 3847 Nixantem
525 3784 619 3846 nodis
631 3804 730 3864 seque
746 3785 778 3846 in
789 3806 848 3849 sua
862 3791 1009 3851 membra
1023 3791 1197 3870 plicantem
1212 3793 1269 3876 (t).

332 3983 419 4070 Quae
439 3980 470 4054 si
490 4004 574 4054 eum
594 3980 757 4070 Homeri,
776 3983 965 4067 Nicandri.
981 3986 1137 4061 Lucretii
1153 3989 1322 4063 versibus

320 4228 360 4303 (ll
372 4231 450 4287 Aen.
461 4228 498 4295 X,
510 4228 643 4286 att-893.

321 4317 359 4392 (a)
370 4318 448 4374 aen.
464 4317 503 4385 11,
518 4317 649 4374 ara-aer.

321 4389 651 4481 (umanum-ns.

318 4497 356 4570 (r)
369 4497 402 4554 e.
418 4499 472 4564 111,
486 4496 624 4561 rar-424.
694 4571 699 4580 ι

321 4586 357 4658 (5)
369 4588 445 4644 aen.
464 4585 502 4655 v,
521 4584 650 4643 rra-are.
