3262 5430
751 527 991 602 γ-ιο-

370 700 477 749 orsus
491 676 551 774 (l),
566 657 812 772 praecipientis
826 694 1021 770 personam
1033 671 1092 744 bic
1114 672 1271 771 suscipit
1286 675 1414 767 :Musa
1480 695 1483 700 ·

368 800 515 897 auspice
539 806 574 873 et
588 808 736 874 auctore
755 787 1044 884 fabulaturt'Nec
1071 796 1109 869 in
1131 804 1218 875 nolo
1238 805 1412 899 certoque

368 927 527 1022 quodam
556 925 651 1015 loco,
680 949 755 998 non
782 925 819 996 in
839 920 1028 995 Lusitania
1057 921 1153 1024 circa
1175 912 1411 1019 >Olisiponem

367 1049 542 1148 oppidum
562 1033 798 1144 montemque
813 1044 1057 1144 TagrumOE),
1072 1048 1139 1152 sed
1156 1047 1193 1120 in
1213 1048 1416 1151 ldaeisillis

366 1174 577 1270 regionibus
596 1174 657 1247 ubi
674 1182 798 1247 vatum
812 1196 917 1246 mens
929 1172 1037 1246 toties
1052 1179 1204 1267 evagata
1217 1178 1273 1276 est
1287 1172 1410 1270 prodi-

366 1301 488 1395 giosas
507 1322 620 1394 equas
654 1297 858 1374 constituit.
892 1292 1050 1392 Adspice
1067 1276 1120 1369 'ut
1143 1319 1269 1369 amore
1296 1301 1409 1393 rapta
1489 1380 1492 1384 ,

316 1474 321 1483 ·
365 1428 512 1496 montes
541 1428 729 1519 superent,
762 1425 910 1494 tranent
942 1411 1114 1528 flumina:
1146 1445 1192 1494 en
1214 1415 1342 1496 subito
1369 1423 1408 1494 in

365 1548 449 1620 altis
470 1547 623 1654 rupibus
640 1522 787 1645 stetere,
805 1545 855 1622 pin
879 1523 1084 1642 Zephyrum
1105 1570 1237 1636 versae;
1256 1547 1408 1644 jamque
1426 1623 1430 1628 ,
1453 1590 1455 1595 .

365 1655 543 1767 gravidae,
555 1671 689 1744 iterum
708 1668 849 1768 perdite
862 1669 1019 1768 lugiunt,¹
1036 1671 1114 1766 J'am
1131 1671 1168 1742 in
1186 1671 1408 1767 longinquas

365 1787 597 1894 pallidasque
613 1804 745 1885 terras,
771 1785 869 1867 unde
899 1796 1033 1867 Auster
1048 1795 1226 1884 nascitur,
1255 1796 1405 1886 abeunt,

360 1919 452 2017 jam,
471 1945 536 1993 ceu
554 1922 677 1994 fumus
693 1908 731 1992 in
752 1923 881 1991 tenues
900 1941 1008 1994 auras
1023 1917 1407 2007 commutaciones·
1444 1981 1448 1989 .

364 2039 452 2120 cunt
465 2047 536 2148 (3)..
547 2048 677 2147 Utrum
697 2046 750 2128 eis
765 2045 827 2141 qui
842 2043 1014 2116 historice
1027 2069 1068 2118 ac
1085 2046 1190 2119 docte
1206 2046 1282 2119 baec
1298 2044 1410 2142 expo·

365 2178 535 2261 suerunt„
555 2196 600 2246 an
625 2172 787 2268 Vergilio
814 2154 877 2267 qui
904 2171 1073 2246 sabulosa
1098 2175 1266 2248 fabulose
1292 2173 1405 2260 canit,
1433 2163 1438 2169 ’

364 2295 561 2393 plaudisl‘
1065 2281 1067 2286 ¹

334 2412 336 2417 ¹
415 2431 517 2502 Haud
538 2429 659 2503 hercle
686 2430 820 2503 mirum
849 2436 904 2504 est
931 2430 1167 2504 Aristotelem
1194 2434 1405 2506 aut'Varro·
1505 2427 1519 2433 '⁴

365 2577 449 2626 nem
468 2537 602 2649 'saepius
631 2578 673 2627 eo
694 2554 899 2628 erravisse:
920 2556 1055 2652 quippe
1075 2556 1138 2652 qui
1160 2557 1277 2631 multo
1297 2557 1406 2654 plura
1478 2549 1482 2557 ’

365 2680 680 2775 recognoscerent.
705 2677 785 2767 Hoc
798 2677 925 2749 saltem
944 2678 1193 2773 profitendum
1212 2685 1281 2766 est,
1312 2678 1405 2775 nibil

285 2780 288 2785 ’
364 2799 403 2871 in
415 2789 493 2897 ejus
508 2795 677 2869 versibus
692 2780 847 2869 inveniri
864 2822 934 2893 quo
953 2799 1077 2872 nimiae
1089 2779 1315 2899 puerilisque
1331 2783 1406 2875 cre·

341 2923 532 3024 ⁸dulitatis
553 2921 705 3010 crimen,
728 2945 823 3017 saepe
839 2923 914 2996 illis
935 2947 1000 2995 nec
1024 2923 1161 3020 injuria
1188 2927 1352 3014 illatum,
1368 2927 1405 3000 in

365 3071 448 3119 eum
484 3044 679 3120 redundet.
709 3045 847 3140 Nempe
876 3046 921 3118 ab
948 3045 1147 3120 Aristotele
1177 3049 1307 3125 ovibus
1347 3077 1407 3125 ca·

365 3171 491 3267 prisce
507 3167 682 3264 aquilone
700 3169 863 3264 spirante
883 3150 1103 3244 coeuntibus
1124 3196 1258 3261 mares,
1281 3181 1407 3251 austro

365 3291 521 3364 laminas
542 3289 701 3386 concipi,
722 3294 770 3380 et,
798 3287 877 3386 qu'ae
900 3292 1049 3387 gignere
1073 3294 1228 3368 feminas
1248 3299 1405 3397 soleant,

366 3416 411 3487 ab
438 3414 492 3486 eis
519 3438 654 3506 mares,
677 3413 707 3485 si
737 3415 948 3488 coeuntium
976 3417 1096 3514 capita
1122 3418 1159 3491 in
1193 3424 1405 3518 aquilonem

251 3518 253 3522 ὗ
325 3518 327 3523 ⁴
367 3546 493 3634 pastor
512 3537 679 3626 verterit·
694 3538 806 3634 gigni,
831 3545 867 3613 et
887 3541 1262 3621 ardeam'co'r‘tuadeo
1282 3549 1408 3624 dolere
1488 3535 1491 3539 ⁶

368 3667 408 3735 ut
444 3643 591 3756 clangat
621 3645 912 3770 sanguinemque
946 3688 991 3737 ex
1027 3662 1144 3740 oculis
1177 3671 1333 3761 emittat,
1372 3679 1408 3748 et

369 3786 567 3861 trochilum
581 3786 618 3860 in
639 3811 680 3861 os
699 3788 969 3863 crocodilorum
985 3774 1221 3867 oscitantium
1241 3794 1407 3873 involare

409 4129 447 4201 (ι)
462 4129 497 4185 o.
515 4129 569 4197 ιιι,
585 4110 713 4187 aar-naa.

315 4256 319 4263 ·
410 4227 447 4299 (a)
460 4227 503 4284 Cl.
517 4228 606 4285 Varr.
621 4228 750 4298 etPlin.,
764 4231 818 4284 loc.
835 4233 886 4285 cit.

408 4314 711 4399 (aiejuuaaouo.
