3262 5430
729 592 907 657 ..70-

299 733 431 807 Ultimo
468 739 593 808 tamen
616 758 726 808 versu
760 733 937 830 perlecto,
957 733 995 805 in
1016 757 1089 829 quo
1115 756 1338 838 numerosus

292 858 376 954 equi
393 884 524 934 cursus
541 860 646 956 quasi
668 860 881 956 percipitur,
908 859 1058 955 Vergilii
1078 865 1196 933 artem
1216 867 1252 934 et
1299 861 1337 933 in

292 985 358 1057 hac
373 984 581 1058 imitatione
591 984 842 1080 agnoscimus.
866 986 1019 1081 Nempe,
1043 984 1130 1081 quid
1149 986 1234 1058 stilo
1256 986 1336 1082 ejus

293 1132 378 1182 vere
394 1109 579 1204 peculiare
599 1111 660 1196 sit,
677 1110 842 1181 nondum
871 1108 962 1183 dixi.
979 1109 1130 1182 Sincera
1150 1110 1339 1206 pigmenta
1436 1097 1438 1102 ⁷

293 1233 591 1330 lineamentaque
622 1234 857 1330 descriptioni
876 1234 1052 1307 adhibere
1086 1235 1120 1307 ei
1143 1258 1218 1308 non
1249 1236 1339 1309 satis

300 1367 370 1448 est,
404 1368 525 1434 actum
547 1361 640 1433 nihil
661 1385 742 1434 esse
755 1367 835 1434 rato
856 1361 928 1432 nisi
949 1361 1132 1457 descripta
1164 1360 1338 1434 animalia

299 1485 337 1557 in
353 1486 594 1575 carminibus,
620 1486 714 1560 sicut
736 1484 774 1558 in
811 1486 892 1582 ipsa
910 1510 1035 1560 rerum
1056 1493 1199 1575 natura,
1227 1492 1337 1582 agant

298 1636 339 1684 ac
361 1619 590 1685 moveantur.
626 1613 731 1684 Paene
765 1611 1113 1707 omnesversusqui
1140 1613 1186 1685 ad
1215 1635 1337 1685 exem-

256 1793 259 1798 .
297 1735 399 1830 plum
427 1735 675 1808 distinctionis
710 1741 772 1810 aut
799 1735 1063 1809 modulationis
1083 1760 1200 1832 nuper
1217 1741 1336 1809 trans-

296 1863 402 1959 cripti
416 1866 514 1946 sunt,
539 1884 625 1933 vera
652 1860 808 1957 alicujus
831 1869 954 1934 motus
972 1858 1178 1933 imitatione
1197 1863 1332 1934 valent.

297 1990 436 2063 Paucos
457 1986 514 2059 his
529 1986 665 2059 addere
687 1985 807 2072 liceat,
831 1986 964 2080 quibus
980 1986 1017 2059 id
1033 1988 1285 2061 confirmetur.

346 2115 398 2186 De
417 2111 546 2207 apibus
557 2108 729 2208 proelium
742 2109 979 2185 ineuntibus:

332 2351 336 2359 ,
360 2300 440 2359 Tum
456 2298 591 2377 trepidae
607 2275 692 2359 inter
706 2317 740 2359 se
756 2303 885 2373 coeunt,
897 2300 1080 2378 pennisque
1091 2302 1276 2372 coruscant,

357 2398 550 2475 Spiculaque
566 2412 725 2457 exacuunt
736 2398 862 2482 rostris,
879 2402 1058 2477 aptantque
1073 2398 1213 2458 lacertos
1223 2396 1285 2476 (l);

299 2600 433 2697 quippe
467 2600 659 2695 eriguntur
690 2608 724 2673 et
758 2601 939 2674 bracchiis
960 2601 1336 2698 liostemaggrediun-

298 2735 371 2800 tur.
411 2763 413 2766 ⁴
1392 2827 1394 2832 7

347 2853 400 2924 lle
445 2851 532 2947 lupo
574 2851 637 2946 qui
675 2850 778 2947 pravi
821 2853 1013 2949 cujusdam
1047 2853 1132 2926 lacti
1166 2850 1337 2925 conscius

210 3008 211 3012 ¹
300 2976 418 3072 fugit:
520 3045 532 3073 ,

361 3209 488 3226 ..........
513 3165 714 3242 caudamque
729 3165 912 3225 remulcens

360 3263 505 3338 Subjecit
518 3265 719 3340 pavitantem
733 3268 825 3323 utero
837 3262 892 3343 (2).

349 3477 400 3549 De
420 3476 583 3550 formicis
606 3497 614 3544 t

369 3683 484 3699 .........
507 3639 642 3717 grandia
655 3639 790 3703 trudunt

359 3745 492 3808 Obnixae
508 3749 674 3809 frumenta
685 3749 806 3809 umeris
821 3747 878 3830 (3).

256 4041 257 4045 Ἴ
348 3956 400 4029 De
413 3977 506 4051 equo
527 3952 741 4027 vulnerato:

336 4225 374 4298 (ι)
392 4225 429 4281 o.
442 4224 495 4291 1v‚
512 4223 609 4279 ra-u.

333 4310 672 4385 remeantem-aia.

335 4400 374 4475 (a)
389 4402 466 4458 aaa.
482 4400 534 4469 iv,
553 4399 683 4456 roa-roc.
