3262 5430
637 755 640 761 ·
730 769 775 778 -
798 733 841 797 ra
865 768 909 779 -

336 869 455 966 ,Saepe
475 846 661 965 equidem,
686 872 716 943 si
736 873 835 968 quod
855 874 934 970 ipse
954 871 1103 968 percepi
1130 872 1188 944 his
1204 836 1341 946 admisss
1416 937 1418 941 Α

179 1055 182 1063 .
301 984 408 1069 cendi
438 995 547 1070 venia
579 998 810 1085 conceditur,
839 1021 923 1071 cum
954 998 1118 1072 hibernis
1148 996 1337 1071 mensibus

179 1105 181 1109 ¹
295 1108 689 1218 juxta'Oceanilitora,
707 1121 746 1195 in
773 1123 954 1220 paludosa
981 1124 1141 1220 quadam
1172 1123 1335 1219 regione,

261 1257 266 1285 ⁷
302 1245 501 1342 migrantes
522 1251 650 1321 anates
663 1252 867 1346 nocturnus
897 1272 1115 1346 aucuparer‚
1138 1253 1173 1324 et
1193 1249 1337 1323 lucente

303 1373 391 1447 luna
410 1373 522 1446 modo
555 1371 687 1447 caelum
719 1374 829 1448 modo
849 1375 1151 1472 circumjacentes
1182 1375 1337 1450 undase

301 1478 454 1573 latebris
467 1502 572 1572 caute
589 1483 860 1595 *adspectarem
876 1500 1201 1596 Vergilianadicta
1214 1499 1337 1574 animo

212 1718 215 1721 ι
306 1622 459 1699 revolvi.
475 1616 668 1714 Anatibus,
687 1646 767 1719 quae
783 1624 933 1724 captivae
952 1626 1181 1738 pedibusque
1210 1625 1340 1703 vinctae

88 1735 90 1800 ἶ
195 1837 197 1841 ,
304 1750 349 1824 ad
369 1747 584 1822 alliciendas
604 1749 764 1823 advenas
781 1774 897 1848 prope
910 1752 1060 1840 nabant,
1095 1751 1134 1824 in
1150 1775 1244 1847 aqua
1266 1751 1403 1824 col-1

138 1891 141 1898 “
217 1947 220 1954 ,
302 1873 541 1949 ludentibus:
686 1943 688 1946 ,
875 1888 878 1894 ·

844 2084 916 2144 quae
931 2067 1138 2129 dsiacircum

257 2195 265 2211 ·
360 2162 514 2223 Dulcibus
524 2163 558 2223 in
575 2148 701 2243 stagnis
713 2164 875 2227 rimantur
886 2170 980 2243 prata
994 2166 1131 2244 Caystri,

358 2261 511 2322 Certatim
521 2261 630 2341 largos
643 2263 765 2323 umeris
780 2263 953 2325 infundere
973 2281 1082 2325 rores:

276 2413 279 2415 ,
362 2360 452 2419 Nunc
468 2364 564 2438 caput
577 2359 741 2438 objectare
756 2360 860 2435 fretis,
878 2380 963 2423 nunc
973 2370 1103 2424 currere
1116 2363 1149 2424 iu
1165 2363 1283 2440 undaS,

359 2458 398 2518 Et
408 2455 516 2530 studio
532 2458 696 2519 incassum
713 2458 825 2520 videas
841 2461 960 2538 gestire
971 2459 1102 2521 lavandi
1119 2461 1176 2542 (1),
1196 2511 1199 2515 .

300 2653 441 2747 aiebam
476 2678 620 2730 mecum
648 2642 795 2730 tacitus.
815 2655 880 2730 Sin
896 2661 1020 2730 autem
1046 2659 1211 2746 advenae,
1246 2660 1339 2734 meis

300 2781 439 2880 perfide
452 2763 714 2870 clamantibus,
731 2778 857 2853 furtim
880 2779 1130 2870 advolabant,
1167 2790 1339 2881 etsupra

195 2999 197 3003 v
249 2996 250 2999 Ἴ
299 2908 473 2983 lacunam
493 2905 533 2979 in
553 2905 682 2980 orbem
702 2900 860 2979 volando
876 2905 1101 2998 serebantur,
1126 2907 1222 2983 illud
1252 2914 1339 2984 tunc

300 3055 548 3108 succurrere:

358 3217 495 3297 Adspice
514 3216 565 3277 bis
579 3233 676 3277 senos
688 3215 836 3276 laetantes
851 3217 981 3296 agmine
994 3237 1125 3298 cycnos,

357 3311 509 3376 Aetheria
524 3332 607 3393 quos
620 3315 713 3392 lapsa
727 3313 824 3392 plaga
837 3315 926 3375 Jovis
941 3316 1008 3377 ales
1021 3308 1134 3396 aperto

358 3413 636 3488 Turbabatcae103
653 3429 739 3473 nunc
756 3415 860 3474 terras
876 3413 989 3475 ordine
1005 3415 1102 3495 longo

357 3512 419 3574 Aut
434 3529 550 3591 capere
562 3516 619 3573 aut
631 3515 741 3590 captas
749 3507 818 3586 jam
831 3511 1020 3592 despectare
1034 3514 1185 3577 videntur
1200 3514 1255 3597 (2).

296 3751 420 3794 monem
443 3737 461 3791 a
488 3734 579 3792 doato
594 3734 821 3810 carissimoque
840 3736 941 3814 amico
961 3738 1079 3809 optime
1095 3737 1267 3797 translatos
1287 3757 1336 3798 re·
1402 3775 1405 3780 -

295 3827 375 3884 terra
392 3845 399 3880 ε
428 3845 441 3877 a
457 3824 584 3881 Gemma
609 3840 650 3881 on
676 3829 741 3882 voit
756 3841 795 3882 en
810 3824 886 3883 haut
901 3824 956 3881 des
972 3827 1038 3881 airs
1061 3843 1105 3882 un
1119 3827 1274 3901 operator,
1291 3831 1337 3887 les

274 3948 276 3953 <
296 3914 373 3972 alles
386 3912 606 3970 abandonndes
620 3929 662 3969 au
676 3918 760 3984 vent,
772 3913 879 3970 enleve
894 3930 953 3986 par
968 3930 1010 3970 un
1026 3915 1077 3971 vol
1092 3916 1199 3989 rapide
1213 3936 1219 3986 ;
1234 3935 1339 3975 aucun

296 4007 499 4061 mouvement
516 4001 655 4076 brusque
671 4018 710 4058 ne
722 4000 827 4074 l'agitc
843 4020 850 4056 ε
864 4001 886 4058 il
902 4002 992 4075 plane
1009 4001 1088 4059 dans
1103 4021 1145 4061 un
1163 4007 1224 4063 olel
1237 3993 1339 4064 sercin

296 4111 352 4150 sur
378 4108 428 4149 ses
444 4091 523 4148 alles
548 4107 587 4148 en
612 4080 750 4164 reposo
774 4083 842 4164 (Lea
867 4093 1134 4161 Argonautiquea,
1158 4095 1339 4153 traduction

256 4240 258 4244 ,
291 4167 463 4250 franceise,
475 4197 534 4254 par
550 4180 590 4236 H.
604 4179 642 4258 de
662 4179 692 4237 la
707 4177 790 4236 Ville
804 4177 841 4234 de
858 4179 1016 4246 Mirmont,
1027 4197 1062 4259 p,
1072 4179 1130 4252 79.)

189 4288 191 4295 ’
254 4313 256 4316 <
333 4271 372 4345 (l)
387 4270 422 4328 G.
440 4270 462 4336 l,
490 4269 623 4327 aaa-387.
645 4266 744 4324 Multo
763 4267 891 4324 brevius
911 4267 979 4325 haec
993 4269 1033 4324 ab
1058 4269 1193 4327 Homero
1213 4271 1262 4344 (ll.
1299 4273 1338 4341 ll,
1402 4254 1405 4263 ⁴

207 4357 212 4424 ζ
297 4360 361 4433 lot)
377 4366 409 4416 et
423 4377 441 4415 a
453 4359 599 4417 Varrone,
608 4356 736 4415 Atacino
753 4356 940 4414 adumbrata
954 4362 1053 4414 erant.

331 4449 456 4521 tttden.
478 4447 643 4519 1,·393-396.
663 4446 808 4504 Nondum
824 4449 1014 4503 invenerunt
1033 4449 1136 4504 critici
1150 4451 1202 4506 oui
1222 4409 1332 4507 Graeco

294 4532 415 4595 auctori
426 4537 586 4610 Vergilius
598 4537 664 4594 haeo
678 4536 890 4608 subripueritt
956 4568 959 4575 ·
