3262 5430
551 700 790 791 '-31..

239 874 323 945 Haeo
341 875 464 943 autem
482 868 633 941 subtilia
648 867 863 961 eruditaque
881 866 927 937 de
943 866 1099 940 diversis
1113 869 1222 976 rebus

144 1099 146 1102 .
192 997 425 1092 quibusapes
443 994 689 1067 adlinendam
710 993 835 1065 sedem
852 991 904 1064 uti
915 991 1048 1080 solent,
1083 993 1222 1066 Aristo·

116 1197 121 1206 ,
194 1122 255 1194 leli
268 1121 390 1218 potius
411 1144 520 1214 quarn
534 1120 693 1193 Varroni·
705 1117 892 1191 reddenda
903 1140 982 1188 esse
996 1117 1085 1188 mihi
1099 1117 1224 1190 viden-

192 1253 274 1318 lur:
1152 1248 1155 1252 ’

776 1481 878 1498 ........
890 1483 896 1496 .
914 1439 1023 1515 Neque
1037 1436 1099 1496 illae

200 1597 203 1604 ,
239 1537 458 1616 -Nequiquam
483 1537 515 1596 in
532 1536 624 1597 tectis
646 1536 791 1596 certatim
812 1536 920 1595 tenuia
941 1553 1016 1595 eera

255 1635 458 1712 spiramenta
472 1635 588 1705 linunt,
601 1635 738 1712 fucoque
753 1639 784 1693 et
799 1633 933 1693 lloribus
948 1652 1022 1693 oras

256 1734 401 1810 Explent,
419 1733 653 1810 collectumque
667 1732 735 1791 haec
751 1731 821 1809 ipsa
833 1730 874 1791 ad
888 1749 1022 1791 munera
1038 1731 1149 1808 gluten

255 1832 292 1890 Et
306 1817 394 1915 visoo
406 1834 438 1890 et
455 1822 603 1911 Phrygiae
613 1833 743 1890 servant
756 1830 826 1907 pice
843 1830 963 1890 lentius
974 1828 1060 1907 ldae(
1087 1828 1107 1907 ).

144 2130 147 2135 ,
197 2052 349 2148 Nempe,
399 2052 467 2124 hoe
504 2050 652 2146 quidem
694 2051 790 2145 apud
829 2051 1030 2122 Varronem
1058 2048 1224 2144 legitur:

202 2209 214 2239 l
238 2177 352 2248 Extra
382 2177 518 2248 ostium
569 2175 641 2249 alvi
681 2184 853 2270 optarant
886 2175 1010 2247 onmia
1030 2198 1100 2269 qua
1132 2173 1231 2246 venit

170 2299 297 2400 inter
335 2302 445 2374 lavos'
469 2301 620 2397 spiritus
658 2324 766 2401 quam
807 2301 993 2373 erithaoen
1043 2299 1233 2396 appellant

202 2425 361 2506 Graan..
398 2426 591 2499 Erithaoen
626 2404 774 2513 roenna.
807 2449 879 2519 quo
905 2425 1006 2498 savos
1046 2431 1231 2497 extremos

200 2553 297 2624 inter
316 2576 355 2624 se
377 2553 643 2648 conglutinant,
661 2552 758 2647 quod
779 2557 834 2624 est
848 2551 947 2624 aliud
970 2549 1080 2623 melle
1099 2555 1134 2623 et
1153 2574 1235 2646 pro-

161 2764 163 2768 p
200 2676 322 2773 poli...
346 2677 532 2773 Propolim
546 2686 727 2765 vocante
752 2699 823 2772 quo
838 2676 974 2749 laniunt
999 2676 1045 2748 ad
1064 2676 1230 2749 foramen

202 2803 374 2876 introitus
388 2808 592 2898 protectum
605 2803 818 2875 autealvurn
832 2803 990 2874 maxime
1000 2807 1123 2874 aestate
1134 2803 1196 2896 (Ι).
1215 2831 1230 2866 »

201 2930 335 3001 Eadem
350 2938 436 3000 uero
445 2929 523 3024 jam
538 2927 975 3023 clariusquee'xposueral
988 2927 1205 3000 Aristoteles
1224 2950 1231 2996 :
1281 2966 1292 2978 ·-

201 3055 420 3154 Οἰκοδομοὺσι
441 3062 481 3128 τα
493 3065 606 3162 κηρία,
623 3067 772 3160 ρέρονσαι
790 3068 852 3149 ιών
870 3052 902 3127 τ’
915 3059 1023 3128 αλλων
1044 3056 1160 3133 ἀνθέων
1179 3063 1236 3126 καὶ

203 3194 264 3261 ἀπὸ
280 3188 341 3261 τῶν
371 3188 506 3295 δένδρων
530 3196 571 3263 τὰ
587 3189 781 3296 δάκρυα)...
804 3194 903 3292 τούτῳ
920 3189 953 3261 δὲ
972 3201 1027 3261 καὶ
1056 3198 1091 3261 το
1120 3187 1236 3284 ’έδαρος

202 3319 400 3429 διαχρίοοσι·,
410 3384 417 3400 .
429 3381 435 3395 .
447 3382 453 3395 .
465 3327 600 3425 καλοῦσι
610 3319 677 3396 δὀἱ
684 3327 903 3429 μελιττοορνοὶ
913 3333 1004 3396 τούτο
1014 3330 1197 3421 κομμωσίν.
1209 3379 1215 3392 .
1228 3378 1235 3393 .

204 3467 280 3562 Περὶ
296 3456 329 3529 δὲ
345 3466 379 3529 τὸ
396 3464 503 3556 στόμα
522 3467 576 3530 τοι)
588 3468 731 3558 σμήνους
743 3466 778 3529 το
794 3469 851 3555 μὲν
864 3457 986 3564 πρῶτον
999 3472 1056 3544 τῆς
1073 3450 1239 3540 stottona

203 3595 448 3696 περιαλήλιπται
474 3601 674 3690 μίτοῐ,...·η“
705 3591 739 3664 δὲ
753 3603 889 3692 σονέχὴς
910 3596 1030 3690 ἀλοιφὴ
1047 3598 1147 3694 venep
1165 3617 1240 3664 πισ-

200 3731 340 3840 ’σοκηρος
360 3725 428 3818 (3).

165 3906 169 3911 -
252 3856 464 3930 Aristotelis
479 3857 577 3930 eninr
590 3857 725 3932 librum
739 3882 848 3954 quem
867 3858 946 3955 ipse
956 3859 1072 3932 Varro
1087 3858 1239 3955 legerat,

203 3981 378 4055 attentius
392 3981 480 4077 legit
515 3983 711 4078 Vergilius,
748 3982 799 4058 ita
824 3991 864 4056 ut
895 3983 1012 4076 multa
1034 3982 1080 4056 ab
1094 3984 1162 4055 hoe
1176 4007 1242 4056 ne·

111 4105 114 4111 ’
205 4106 322 4204 gleota
337 4105 423 4179 inde
443 4116 679 4204 excerperet:
726 4117 734 4127 “

194 4338 196 4344 ’
242 4346 277 4420 (Ι)
296 4348 331 4403 G.
348 4346 400 4416 IV,
418 4349 511 4404 37-41.

241 4432 278 4506 (⁴2)
295 4435 360 4491 Lib.
377 4435 428 4505 Ill,
444 4450 508 4507 rvr,
524 4437 537 4508 g
552 4437 577 4504 8,
594 4437 607 4509 g
627 4437 672 4493 23.
854 4470 857 4475 ·
1171 4505 1186 4524 x

239 4522 277 4594 (3)
295 4521 360 4596 Περὶ
370 4521 404 4576 τὰ
417 4528 488 4594 Ζῷα,
501 4524 554 4580 lio.
574 4525 622 4596 ΙΧ,
634 4543 699 4598 cap.
715 4541 752 4582 xe
767 4528 884 4600 (xxvii),
900 4529 913 4600 g
928 4529 953 4597 3,
967 4530 1005 4601 §5
1021 4529 1078 4601 (ed.
1092 4528 1202 4602 Didot).
