3262 5430
732 488 974 604 -oa-'

296 671 468 771 nimaque
507 677 810 765 unius-bestiola
837 679 933 753 facta
962 676 1195 750 mirabiliora
1222 700 1334 750 esse:

297 796 374 872 illic
395 799 514 876 silicet
540 801 640 876 nihil
668 803 739 877 nisi
775 802 939 890 humani,
972 802 1032 875 bic
1059 800 1175 874 divini
1196 801 1338 897 aliquid

193 998 197 1003 ,
299 921 475 1018 pellucet.

352 1052 412 1125 Sic
428 1052 472 1125 de
492 1051 635 1149 apibuS,
652 1078 807 1150 quarum
826 1050 991 1125 civitates
1012 1049 1087 1124 lere
1102 1051 1181 1148 jam
1206 1072 1344 1150 perno-

298 1182 414 1268 verat,
435 1177 594 1274 plurima
617 1186 673 1252 est
688 1180 767 1276 ejus
780 1178 957 1253 laudatio.
979 1176 1040 1249 Sic
1055 1200 1197 1267 rursus
1217 1203 1344 1274 quam-

300 1304 355 1377 vis
380 1303 555 1378 animalia
573 1313 786 1380 nostrorum
802 1304 973 1379 laborum
1000 1303 1099 1377 socia
1115 1329 1197 1377 esse
1210 1311 1343 1405 sapius
1370 1322 1373 1326 ’
1453 1359 1455 1363 >

298 1407 569 1501 memoraverit
587 1429 654 1523 (l),
682 1454 725 1503 ea
752 1428 870 1502 nostri
886 1452 1037 1526 quoque
1054 1429 1113 1502 vel
1139 1429 1259 1502 luctus
1280 1429 1339 1502 vel

186 1543 193 1551 ⁶
297 1553 420 1648 gaudii
446 1554 545 1626 socia
565 1579 646 1626 esse
669 1562 732 1629 aut
761 1579 834 1629 non
855 1554 956 1641 dicit,
988 1553 1051 1628 aut
1071 1555 1213 1627 modice
1240 1556 1347 1644 veri-J
1503 1581 1507 1594 “

297 1701 367 1773 que
383 1677 626 1752 similitudine
641 1687 784 1753 servata
803 1680 904 1752 dicit.
926 1681 1007 1752 Non
1021 1680 1059 1751 in
1086 1679 1188 1752 illius
1202 1664 1335 1750 carmi-

298 1803 404 1876 nibus
432 1803 516 1899 equi
537 1804 728 1878 ductorem
754 1805 857 1878 allari
878 1804 1089 1899 hortarique
1110 1804 1242 1877 solent.
1266 1803 1335 1874 Vix

297 1928 412 2001 semel
426 1933 489 2002 aut
507 1928 578 2019 bis,
597 1954 680 2003 cum
699 1929 737 2002 in
757 1929 931 2002 Pallantis
960 1952 1091 2025 pompa
1116 1928 1335 2002 bellatorem
1358 2029 1360 2035 Α

295 2077 430 2147 equum
450 2053 705 2129 lacrimantem
737 2054 1013 2150 grandibusque
1033 2055 1146 2149 guttis
1175 2079 1239 2127 ora
1265 2055 1334 2127 bu·

295 2182 516 2251 mactantem
535 2180 585 2278 (2)
605 2186 667 2254 aut
682 2180 821 2253 circum
851 2179 995 2253 Gallum
1026 2180 1176 2274 indigno
1192 2202 1335 2251 -amore
1437 2257 1439 2263 ,

294 2308 552 2399 consumptum
573 2326 659 2376 oves
671 2310 811 2377 stantes
831 2305 877 2401 (3)
895 2303 1082 2389 describit,
1099 2302 1216 2376 nostri
1235 2303 1349 2377 muta‘

112 2463 114 2468 .
225 2526 226 2529 Ἴ
296 2450 404 2499 «non
422 2427 594 2522 panitere
616 2457 632 2494 »
656 2429 782 2523 fingit3
813 2434 1025 2503 mutarerte
1052 2429 1149 2523 apud
1170 2453 1254 2511 eum
1279 2436 1332 2503 ta·
1440 2478 1443 2483 ‚

290 2556 385 2624 cent.
412 2554 461 2626 At
483 2554 671 2628 Meliboeus
702 2557 859 2653 patriam
880 2555 1025 2652 lugiens
1055 2554 1219 2652 capellas
1244 2555 1332 2676 allo·

295 2677 421 2771 quitur
439 2703 447 2753 ε

354 2867 411 2945 lte,
432 2836 522 2939 mear,
539 2867 613 2927 felix
629 2845 794 2945 quondam
809 2886 923 2946 pecus,
941 2868 994 2939 ite,
1012 2865 1218 2948 capellmlllt

296 3068 508 3166 Alloquitur
527 3097 660 3167 equum
678 3075 798 3147 occiso
818 3075 936 3149 Lauso
955 3074 1153 3146 Mezentius
1178 3097 1185 3145 :

353 3266 487 3343 ahoebe,
499 3268 566 3345 diu,
583 3289 635 3331 res
652 3272 678 3331 si
694 3290 759 3350 qua
774 3272 829 3332 diu
844 3272 1037 3332 mortalibus
1051 3273 1115 3331 nlla
1138 3276 1198 3345 est,

351 3367 510 3427 Viximus
528 3369 589 3429 Aut
605 3370 701 3431 hodie
714 3371 817 3430 victor
838 3371 941 3449 spolia
954 3371 1009 3431 illa
1024 3375 1158 3431 cruenta

353 3465 391 3523 Et
406 3470 501 3542 caput
517 3467 622 3527 AEneae
636 3468 768 3536 referes,
786 3469 947 3545 Lausique
964 3468 1113 3528 dolorum

350 3562 516 3623 Ultoreris
528 3582 669 3636 mecum;
687 3572 753 3640 aut,
771 3568 875 3644 aperit
886 3568 913 3626 si
932 3567 1019 3626 nulla
1037 3567 1122 3626 viam
1134 3565 1194 3638 via,
1217 3635 1219 3641 Α
1320 3569 1322 3572 ⁴

350 3659 527 3722 Occumbes
542 3664 683 3740 pariler3
702 3682 808 3743 neque
822 3666 919 3734 enim,
936 3663 1123 3735 fortissime,
1142 3661 1250 3730 credo,

349 3757 445 3818 Jussa
459 3759 565 3820 aliena
579 3761 645 3838 pati
662 3766 696 3822 et
709 3762 859 3822 dominos
874 3762 1051 3841 dignabere
1065 3762 1205 3821 Teucros
1223 3758 1279 3838 (ὃ).

321 3994 358 4068 (l)
373 3997 408 4052 G.
425 3997 447 4063 l,
466 3999 528 4055 ll8.

322 4084 360 4158 (2)
375 4087 451 4143 Aen.
467 4088 519 4153 Xl,
533 4088 625 4147 89-90.

322 4175 359 4247 (3)
371 4177 445 4233 Buo.
462 4178 497 4248 X,
520 4178 562 4234 lb.

320 4263 359 4335 (t)
375 4266 450 4322 Buc.
468 4268 491 4334 l,
508 4267 551 4323 ll.

320 4353 357 4428 (5)
370 4355 447 4411 Aen.
463 4357 498 4421 X,
513 4357 641 4414 aar-866.
