3262 5430
734 686 911 753 -87—

252 862 256 868 ·
360 827 604 905 Clamoremque
619 829 730 891 ierunt
745 828 785 889 ad
797 816 903 902 litora,
917 811 1056 905 cumque
1069 827 1202 888 marinae

356 926 392 986 ln
408 925 495 986 sicco
508 924 626 988 ludunt
639 927 747 989 fulicae
759 924 817 1008 (1),
835 932 995 1004 notasque
1008 925 1144 1016 paludes

356 1023 589 1102 Deseritatque
605 1016 814 1105 altamssupra
828 1025 917 1086 volat
928 1023 1029 1084 ardea
1041 1023 1160 1084 nubem
1177 1023 1233 1104 (⁶2).

297 1183 380 1255 Mox
408 1188 531 1258 autem
559 1183 603 1255 de
637 1190 739 1280 parte
774 1182 899 1258 Boreae
928 1183 1111 1272 fulminat,
1148 1188 1225 1263 toto
1246 1185 1334 1260 caelo

232 1341 233 1344 ¹
297 1311 424 1380 tonat:
470 1307 579 1381 terris
619 1307 783 1406 marique
815 1308 965 1384 incubat
997 1333 1083 1384 nox.
1125 1311 1187 1384 Vae
1213 1289 1333 1387 nautis
1451 1404 1456 1411 Ι

296 1433 571 1508 messoribusve
599 1432 920 1530 imprudentibus!
948 1436 1082 1508 *Nonne
1102 1436 1270 1510 viderant
1289 1442 1329 1510 ut

296 1581 405 1653 grues
426 1559 557 1633 vallem
574 1562 742 1656 peterent
756 1557 963 1654 buculaque
977 1580 1086 1631 auras
1107 1557 1240 1655 patulis
1268 1582 1335 1632 na·

264 1743 268 1750 .
296 1682 398 1761 ribus
431 1681 623 1782 captaret?
649 1669 774 1781 Nuper
792 1687 921 1787 arguta
941 1681 1102 1756 hirundo
1131 1676 1233 1757 lacus
1264 1681 1334 1774 cir-

296 1809 560 1884 cumvolitabat
596 1832 766 1905 ranaeque
788 1808 827 1880 in
858 1806 949 1880 limo
967 1794 1172 1898 canebant;
1197 1794 1332 1904 'nuper

295 1915 486 2010 formicae
506 1933 757 2031 penetralibus
772 1932 879 2006 tectis
892 1956 960 2016 ora
973 1933 1119 2007 extulit.
1133 1933 1160 2008 Ο
1176 1916 1331 2023 miseros
1361 1994 1367 2003 .

296 2058 359 2154 qui
390 2058 577 2155 ingentem
597 2082 722 2133 arcum
743 2056 781 2130 in
810 2056 943 2131 mediis
962 2039 1102 2133 nimbis
1123 2057 1327 2149 bibentem,

295 2189 331 2275 et
349 2181 544 2258 corvorum
564 2184 712 2282 agmina
739 2208 758 2257 e
784 2187 892 2282 pastu
925 2183 1067 2281 trepide
1100 2183 1328 2275 decedentia,

295 2315 332 2384 et
372 2314 500 2384 anates
532 2315 596 2384 aut
623 2306 951 2407 querquedulasin
975 2308 1115 2405 stagnis
1141 2307 1331 2404 inexpleto

294 2434 417 2509 studio
444 2434 591 2509 lavandi
616 2432 834 2531 gestientes,
869 2438 905 2507 et
934 2433 1115 2541 cornicem
1144 2430 1183 2505 in
1221 2429 1329 2505 litore

295 2559 514 2655 spatiantem
543 2553 799 2657 contempsere
814 2558 861 2656 (3)
879 2561 886 2631 !
1146 2535 1152 2547 ’

524 2786 527 2792 ,
628 2717 632 2724 ’
686 2764 840 2783 ...........
859 2718 974 2780 Omnia
988 2719 1092 2798 plenis
1199 2757 1224 2779 «.

347 2823 440 2895 ‚nura
454 2825 568 2881 natant
583 2820 803 2896 fossiS,atque
820 2817 925 2878 omnis
940 2816 1050 2878 navita
1065 2821 1165 2896 ponto

354 2917 494 2978 Humida
504 2916 576 2981 vela
585 2917 665 3015 legit
675 2914 728 2996 (t).
776 2928 780 2934 ·

293 3111 354 3170 que
368 3099 468 3168 magis
484 3095 670 3152 adnandum
683 3111 777 3169 quam
791 3094 831 3151 ad
843 3092 1014 3151 volandum
1030 3092 1159 3151 idoneas
1174 3110 1255 3152 esse.
1268 3092 1332 3162 Dil-

293 3183 376 3241 sicile
395 3184 523 3257 quidem
538 3176 804 3256 est'dioerequam
825 3181 951 3239 demum
964 3183 1067 3238 avium
1084 3185 1221 3256 speeiem
1234 3181 1332 3238 Graeci
1355 3235 1358 3239 .

293 3274 458 3330 hocverbo
487 3292 494 3327 ε
520 3268 669 3346 κόλυμὸος,
696 3273 796 3328 Latini
827 3270 901 3328 illo:
933 3287 1065 3341 nrcrpua,
1086 3271 1331 3343 designaverint,

293 3379 365 3419 oum
376 3367 497 3419 cunctae
513 3379 586 3418 aves
597 3364 723 3418 marinae
738 3361 887 3418 fluctibus
902 3362 1001 3431 mergi
1011 3356 1182 3434 (artopticio)
1199 3359 1331 3421 soleant.
1359 3406 1362 3410 Δ

292 3453 325 3507 tn
336 3452 394 3507 hoe
409 3456 513 3509 tamen
536 3466 716 3524 veramque
731 3466 909 3522 mergorum
924 3452 1050 3522 agmina
1062 3467 1079 3506 e
1093 3450 1195 3506 medio
1208 3465 1332 3533 ¹aequore

293 3544 445 3614 gregatim
461 3541 669 3619 celeriterque
685 3541 857 3598 revelantia
872 3534 1032 3613 Vergilius
1048 3531 1223 3618 descripsit,
1240 3547 1332 3596 notos

292 3630 489 3704 dilectosque
500 3620 645 3690 uolucres
657 3646 736 3704 quos
751 3632 897 3700 potienda
913 3645 1059 3687 vocamus
1071 3645 1240 3702 agnoscere
1255 3630 1332 3685 mihi

292 3721 423 3884 wltlolbe
434 3811 493 3871 boo
509 3810 684 3866 Morschius
706 3829 740 3865 :r
758 3810 848 3877 Quod
865 3773 1003 3868 breviter
1017 3782 1114 3866 dixit:
1132 3813 1255 3880 ludunt,
1278 3826 1333 3881 pro

291 3899 460 3954 τινάσσονται
475 3898 657 3973 πτερύγεσσιν,
675 3898 825 3956 lectorem
841 3898 969 3955 notabili
986 3914 1071 3954 more
1097 3898 1263 3955 fulicarum
1286 3904 1333 3955 at-

290 4005 353 4061 que
382 3990 570 4046 suauissima
592 3993 623 4044 et
647 3985 859 4060 pulcherrima
889 3989 976 4043 Arati
1003 3988 1138 4057 imagine
1158 3984 1333 4060 privavit.»

290 4078 374 4133 Scire
397 4076 491 4133 velim
511 4077 564 4132 ubl
578 4076 753 4133 Morschius
778 4076 889 4133 lulieas
901 4079 933 4132 in
948 4079 1033 4132 sicco
1053 4074 1112 4131 alia
1123 4074 1272 4148 plaudere
1287 4079 1334 4132 vi·
1401 4093 1403 4099 ·

290 4166 388 4233 derit;
411 4171 479 4223 turn
495 4165 681 4237 mirorquod
692 4165 870 4236 Vergilium
886 4172 941 4223 aut
954 4165 1078 4222 Graecos
1095 4166 1268 4221 imitantem
1280 4171 1335 4222 aut

290 4272 351 4311 non
368 4257 543 4312 imitantem
560 4257 675 4325 pariter
696 4256 833 4312 incusat.

326 4345 364 4418 (t)
381 4344 416 4400 G.
434 4346 456 4410 1,
473 4343 603 4400 ata-364.

323 4435 362 4507 (3)
382 4434 418 4490 G.
436 4434 459 4501 l,
474 4432 600 4489 arb-389.

326 4522 363 4595 (t)
376 4524 410 4580 G.
428 4524 450 4589 1,
467 4522 594 4580 atr-373.
