3262 5430
730 682 904 751 -69..

238 929 240 932 y
282 833 329 905 xls
345 834 399 905 est
415 829 479 927 qui
509 825 637 903 tenues
652 833 757 901 nolas
780 851 890 925 apum
904 827 1119 923 corpusculo
1146 824 1184 898 in
1203 823 1332 898 ordine

293 955 489 1052 inscriptas
509 952 784 1028 numeraverit:
929 957 932 962 ’
1209 933 1211 938 ’

352 1143 511 1206 Ardentes
524 1159 603 1204 auro
620 1145 651 1202 et
661 1142 795 1220 paribus
809 1142 866 1203 lita
880 1160 1019 1222 corpora
1035 1142 1134 1221 guttis
1150 1138 1202 1219 (t),
1309 1137 1311 1140 ’

260 1383 264 1389 -
293 1331 339 1421 is,
370 1331 432 1427 qui
454 1330 649 1406 mutabiles
667 1329 928 1427 ssuitantesque
952 1330 991 1404 in
1023 1329 1120 1428 pelle
1147 1327 1330 1424 anguinea

264 1455 433 1532 'colores
448 1457 572 1531 nescio
589 1480 661 1553 quo
686 1455 883 1530 verborum
908 1455 1106 1552 splendore
1130 1479 1171 1528 ac
1205 1453 1330 1528 confu-

294 1581 397 1657 sione
416 1583 571 1656 reddat:

350 1773 498 1836 Gaeruleae
515 1773 567 1834 oui
583 1778 675 1853 terga
694 1777 776 1835 notae
793 1772 977 1834 maculosus
993 1776 1024 1833 et
1037 1789 1116 1832 auro
1205 1819 1207 1823 .

350 1872 524 1950 Squamam
538 1870 731 1933 incendebat
743 1872 861 1950 fulgor,
878 1870 938 1931 ceu
951 1870 1092 1931 nubibus
1107 1885 1202 1932 arcus

351 1970 434 2030 Mille
446 1967 526 2047 jacit
539 1970 649 2031 varios
664 1968 800 2030 adverso
819 1970 887 2029 sole
903 1969 1028 2030 colores
1040 1969 1093 2048 ἰοὶ).
1205 2048 1207 2052 ,

340 2158 458 2246 Quare
473 2133 689 2253 Vergilium,
704 2181 793 2232 oum
811 2157 863 2231 sic
888 2156 1103 2231 animalium
1123 2160 1158 2229 et
1173 2178 1279 2229 voces
1296 2159 1332 2226 et

290 2281 433 2357 colores
447 2287 483 2356 et
502 2283 658 2380 liguram
676 2287 750 2356 tam
775 2282 922 2380 propria
941 2282 1136 2378 virideque
1162 2279 1328 2353 oratione

290 2409 527 2506 expresserit,
549 2407 661 2482 etiam
675 2431 755 2504 quae
771 2408 816 2482 ab
840 2407 923 2482 aliis
943 2407 1062 2505 poetis
1097 2411 1328 2481 mutuaretur

290 2558 357 2633 per
376 2556 414 2606 se
429 2533 551 2630 ipsum
568 2531 730 2606 sensisse
743 2538 780 2606 et
793 2533 997 2607 inventoris
1011 2557 1121 2630 quam
1132 2518 1327 2604 imitatoris

291 2658 441 2733 nomine
456 2657 663 2755 digniorem
680 2681 762 2732 esse
781 2658 969 2732 neminem
978 2658 1069 2756 jam,
1088 2663 1222 2755 praeter
1237 2655 1325 2750 Ger·

291 2808 419 2858 manos
447 2784 630 2876 doctores,
675 2782 780 2857 latet.
813 2788 915 2858 Unus
948 2789 1004 2858 est
1032 2783 1137 2863 locus
1157 2805 1325 2880 quemex

290 2907 439 2982 Homeri
464 2910 632 2984 versibus
652 2934 752 3006 paene
770 2910 816 2982 ad
836 2910 988 2984 verbum
1010 2908 1226 2983 transtulit:

348 3087 470 3164 Qualis,
487 3088 544 3148 ubi
560 3088 710 3168 abruptis
722 3090 805 3169 fugit
819 3091 978 3170 praesepia
990 3090 1105 3151 vinclis

351 3186 494 3247 Tandem
509 3180 714 3266 liberequus,
729 3206 909 3267 campoque
921 3189 1042 3268 potitus
1055 3193 1168 3268 aperto
1266 3241 1267 3244 ,

306 3320 309 3326 -
347 3285 410 3346 Aut
421 3284 475 3345 ille
489 3285 523 3344 in
536 3289 649 3363 pastus
662 3291 874 3365 armentaque
889 3287 994 3348 tendit
1009 3305 1177 3366 equarum,

347 3384 410 3444 Aut
423 3388 573 3444 assuetus
589 3401 681 3462 aquae
696 3385 848 3463 perfundi
861 3385 993 3447 flumine
1009 3390 1084 3447 noto
1201 3379 1203 3385 ’

347 3482 483 3557 Emicat,
499 3480 701 3559 arrectisque
712 3484 822 3546 fremit
837 3485 1017 3547 cervicibus
1028 3488 1093 3548 alte

346 3580 539 3654 Luxurians,
557 3578 740 3660 luduntque
752 3582 840 3662 jubae
856 3601 914 3663 per
928 3585 1020 3659 colla,
1036 3603 1095 3664 per
1105 3601 1213 3646 armos
1229 3583 1284 3664 (3).

322 3792 360 3866 (l)
380 3792 417 3849 G.
434 3793 486 3862 lV,
501 3796 546 3852 99.

323 3880 361 3953 (2)
371 3883 449 3940 Aen.
462 3883 499 3951 V,
519 3884 617 3942 87-89.

324 3968 362 4042 (3)
376 3970 449 4027 Aen.
460 3971 515 4042 XI,
528 3971 665 4043 2192·497;
680 3973 715 4031 ll.
725 3973 776 4046 Vl,
791 3975 909 4034 but-511
927 3995 934 4035 t

425 4070 469 4130 Ὡς
486 4066 508 4123 δ’
516 4069 561 4124 ὅτε
575 4091 616 4133 τις
631 4073 728 4135 στατὸς
742 4071 839 4144 ἵππος,
856 4075 1008 4148 ἀκοστήσας
1023 4075 1067 4131 ἐπὶ
1083 4077 1183 4155 φάτνῃ,
1272 4142 1273 4147 ¹

425 4158 529 4230 Δεσμὸν
543 4158 699 4235 ἀπορῤήξας
715 4163 780 4218 belet
792 4163 897 4220 crebram
913 4166 1058 4240 κροαίνων,
1152 4159 1154 4163 ’

427 4245 542 4309 Εἰωθὼς
556 4244 683 4305 λούεσθαι
698 4249 819 4327 ἐϋρῤεῖος
834 4259 982 4327 ποταμοῖο,

428 4332 550 4390 Κυδιόων
565 4355 572 4371 ·
590 4337 659 4412 ὑψοῦ
674 4337 702 4394 δὲ
716 4341 786 4415 κάρη
806 4335 875 4417 ἔχει,
889 4341 960 4421 ἀμφὶ
971 4340 999 4397 δὲ
1008 4347 1104 4418 χαῖται

427 4422 525 4497 Ὦμοος
541 4424 678 4482 ἀΐσσονται
694 4449 699 4461 ·
717 4427 766 4484 ὁδ’
776 4427 907 4508 ἀγλαΐῃφι
927 4432 1075 4500 πεποιθὼς,

427 4511 519 4593 Ρίμφα
531 4511 545 4568 ἓ
558 4519 643 4592 γοῦνα
663 4515 736 4596 φέρει
751 4509 818 4594 μέτα
829 4525 853 4572 τ’
868 4517 936 4591 ἤθεα
951 4521 1095 4599 καῖνομὸν
1109 4518 1227 4600 ἵππων,
