3262 5430
570 457 577 470 .
658 454 931 579 ,μω-Ἰ
996 511 1092 591 ..·

346 659 453 732 Venit
467 659 565 734 enim
579 658 616 732 in
630 663 791 732 mentem
804 656 926 752 ipsum
941 646 1079 730 dixisse
1094 657 1221 752 quanti
1240 659 1333 732 bano

212 822 216 830 ·
298 783 512 874 sui-laboris
532 791 673 878 partem
688 781 833 876 laceret.
857 781 903 852 ln·
918 778 985 852 bac
1006 787 1068 854 aut
1090 804 1273 876 nusquam
1287 772 1332 874 se

272 899 275 903 ’
296 914 441 1005 poetam
466 907 770 1002 inventoremque
801 929 883 979 esse
909 904 1126 994 declaravit,
1163 930 1231 980 nec
1256 913 1331 980 tam

296 1033 454 1108 modesti
474 1033 543 1106 viri
565 1031 766 1105 declaratio
786 1014 994 1127 spernenda
1009 1040 1078 1104 est.
1109 1036 1165 1105 An
1186 1029 1331 1107 'temere
1368 1105 1372 1109 ,

288 1162 329 1243 in
350 1160 415 1232 illo
445 1160 598 1250 demum
614 1157 724 1253 libro,
747 1156 785 1229 in
819 1179 891 1251 quo
917 1157 961 1228 de
981 1157 1158 1259 armentis
1182 1157 1329 1254 pecudi-

182 1283 188 1290 '
246 1353 249 1356 ,
292 1287 436 1380 busque
450 1289 506 1381 est
520 1306 656 1371 sermo,
673 1281 725 1355 sic
746 1265 854 1355 orsus
871 1288 927 1355 est
945 1306 953 1356 :

423 1554 588 1616 Tentanda
600 1556 652 1616 via
665 1558 726 1626 est,
742 1573 807 1633 qua
823 1572 873 1614 me
886 1570 1018 1632 quoque
1031 1556 1153 1633 possim

357 1653 478 1713 Tollere
492 1652 603 1725 hun10,
618 1651 786 1731 victorque
813 1653 917 1712 virum
932 1651 1133 1731 volitareper
1144 1671 1211 1714 ora.
1230 1712 1241 1737 ,V
1294 1701 1297 1705 .

358 1752 485 1812 Primus
501 1769 559 1830 ego
576 1752 608 1810 in
622 1752 759 1829 patriam
774 1737 912 1826 mecum,
930 1749 1024 1810 modo
1040 1750 1105 1812 vita
1120 1754 1273 1829 supersit,

358 1851 459 1911 Aonio
475 1850 604 1910 rediens
619 1849 777 1910 deducam
794 1850 913 1909 vertice
928 1850 1032 1909 Musas
1046 1869 1052 1923 ;
1279 1849 1281 1853 ’

360 1950 485 2009 Primus
498 1949 657 2008 ldumaeas
668 1949 805 2008 referam
822 1946 891 2019 tibi,
908 1948 1047 2022 Mantua,
1061 1948 1187 2026 palmas
1198 1949 1253 2031 (l).

302 2201 441 2287 Quibus
460 2204 536 2276 bac
557 2181 716 2273 adscribi
737 2200 864 2272 decet:

348 2447 430 2508 'Nec
447 2465 518 2508 surn
532 2432 631 2508 animi
647 2448 767 2510 dubius
782 2448 890 2510 verbis
904 2468 940 2510 ea
958 2451 1084 2511 vincere
1100 2470 1265 2530 maguum
1293 2477 1297 2481 ’

245 2596 254 2605 .
362 2546 463 2617 Quam
479 2546 531 2619 sit,
547 2547 737 2625 etangustis
749 2547 963 2609 huucaddere
977 2549 1074 2609 rebus
1090 2550 1246 2610 bonorem
1262 2575 1269 2625 3
1291 2588 1295 2596 -

362 2644 425 2704 Sed
441 2662 491 2704 me
508 2644 657 2705 Parnassi
673 2645 871 2723 desertaper
893 2646 995 2708 ardua
1012 2648 1115 2709 dulcis
1316 2638 1318 2643 ’

345 2728 348 2735 ’
364 2742 481 2818 Rapiat
496 2759 585 2801 amor
596 2758 603 2817 ;
616 2741 708 2820 juvat
722 2743 767 2802 ire
776 2743 876 2822 jugis,
894 2762 957 2820 qua
973 2745 1061 2805 nulla
1076 2747 1220 2823 priorum

365 2837 536 2898 Castaliam
553 2839 640 2899 molli
657 2839 838 2900 devertitur
854 2828 957 2902 orbita
975 2841 1080 2923 clivo(
1104 2844 1126 2924 ).
1214 2848 1216 2853 '
1250 2896 1252 2898 ,

305 3099 410 3172 Haud
430 3098 481 3172 ita
507 3099 733 3194 loqueretur,
759 3100 792 3172 -si
812 3100 953 3196 priores
971 3101 1075 3197 sequi
1092 3101 1181 3176 satis
1196 3102 1344 3178 babuis-

306 3226 374 3308 set,
392 3226 427 3294 et
443 3245 461 3292 e
478 3220 585 3293 libris
603 3244 669 3293 sua
688 3229 794 3294 aetate
822 3221 1028 3327 notissimis
1054 3224 1179 3298 omnia
1198 3226 1366 3311 bausis·‚
1390 3289 1393 3295 .

220 3402 225 3413 .
291 3348 372 3418 set.
455 3392 457 3397 -
560 3366 563 3372 ·
1261 3442 1265 3448 .

344 3475 438 3553 Non
461 3471 558 3567 quod
572 3495 655 3546 eum
683 3472 768 3544 inde
796 3473 888 3547 nihil
905 3474 1073 3549 hausisse
1105 3476 1344 3549 contendam.

306 3598 423 3687 Quint
447 3584 489 3671 eo
510 3598 625 3694 magis
653 3623 732 3693 quae
753 3600 798 3671 de
827 3600 1049 3675 animalibus
1084 3599 1233 3696 scripsit
1251 3625 1348 3676 nova
1376 3621 1382 3630 ·

177 3707 194 3798 s
307 3714 423 3814 erant,
447 3749 519 3827 quo
541 3726 744 3800 studiosius
773 3708 896 3799 rerum
912 3726 1135 3799 naturalium
1156 3709 1351 3823 scriptori?

244 3898 270 3954 '-
306 3852 375 3925 bus
406 3856 513 3945 poeta
542 3875 581 3924 se
619 3851 832 3938 addixerat3
869 3851 1099 3941 doctus-vir,
1137 3852 1284 3947 necqui
1306 3853 1343 3924 in
1437 3856 1440 3861 ’

306 3978 484 4063 bucolici-s
501 3978 642 4077 crispos
663 4000 776 4073 agnos
797 3984 976 4072 pasceret.
1031 4030 1037 4037 .

346 4239 385 4308 p)
402 4239 437 4293 a.
459 4238 512 4303 ιιι,
529 4239 607 4294 e-u.

345 4326 383 4400 ιι)
400 4327 435 4382 u.
450 4325 503 4394 ιιι,
520 4326 651 4384 ase-aaa.
743 4336 747 4344 ·
