3262 5430
624 759 627 764 ·
726 723 899 793 »13-

212 904 216 912 ·
290 857 474 944 reteribus
499 872 725 944 Menecrates
744 872 841 943 inter
867 871 1019 967 Vergilii
1037 871 1232 968 magistros
1260 898 1326 971 po·

291 994 458 1099 51111311.
471 996 569 1068 Idem
585 995 629 1068 de
650 996 802 1090 Magone
818 995 1072 1082 confiteamur,
1086 995 1189 1090 qu'us
1201 1019 1324 1094 opera,

289 1126 330 1194 ut
362 1120 643 1207 Menecratis,
633 1145 671 1194 m
704 1128 876 1219 promptu
838 1122 1024 1195 tVarro
1056 1122 1196 1212 babuit,
1220 1117 1327 1194 nobis

244 1249 247 1254 ’
289 1252 377 1319 vero
396 1249 560 1352 vetustas
572 1245 796 1342 jampridem
817 1245 990 1344 inridit(l
999 1247 1024 1335 )

236 1440 238 1444 ,
338 1372 421 1443 Haec
429 1371 482 1448 de
495 1369 626 1443 doctis
658 1371 887 1445 Concedatur
907 1372 1043 1468 pariter
1058 1397 1141 1445 eum
1170 1372 1326 1446 aliorum

290 1495 469 1593 exemplis
486 1495 717 1588 stimulatum
731 1520 813 1569 esse
833 1503 872 1569 ut
887 1496 1101 1572 animalium
1122 1497 1327 1595 pulchritu-

229 1675 231 1679 -
291 1622 414 1695 dinem
427 1627 530 1696 tanta
548 1620 805 1711 admiratione
832 1621 1080 1697 innocentiam
1106 1628 1208 1696 tanta
1221 1646 1328 1695 mise

290 1745 449 1819 ricordia
463 1752 760 1843 prosequeretur.
782 1746 976 1820 tamenim
994 1749 1091 1843 apud
1107 1746 1325 1833 Homerum,

290 1872 505 1961 Hesiodum,
524 1871 823 1968 Aristophanem,
842 1821 1066 1960 Lucretium,
1089 1873 1149 1945 et
1140 1897 1175 1944 m
1193 1871 1328 1946 Graecis

290 2021 336 2070 an
339 1996 533 2092 tholegicis
549 1996 704 2094 pulchra
725 1979 901 2070 illorum
891 2021 1023 2094 imago
1032 1996 1216 2071 insidebat
1202 1998 1327 2095 t,jam

290 2122 431 2218 aliquot
450 2122 599 2195 Homeri
625 2121 857 2218 Lucretiique
882 2122 1052 2196 versibus
1077 2127 1113 2195 at
1130 2124 1175 2196 de
1195 2121 1270 2196 illis
1295 2129 1331 2196 et

292 2248 336 2320 de
348 2246 617 2342 omnibus‘quae
629 2245 798 2320 mortalia
814 2253 901 2321 sunt
914 2271 992 2320 esse
1014 2225 1206 2320 bominum
1223 2247 1329 2320 lacri-

292 2397 370 2446 mas
390 2373 667 2469 comprobatum
682 2371 869 2468 erat3jam
889 2371 1109 2445 clamaverat
1128 2372 1229 2462 Cato,
1246 2395 1329 2446 cum
1409 2440 1416 2444 ,

291 2499 337 2571 de
356 2496 434 2593 agri
458 2497 603 2571 cultura
622 2497 751 2614 eipso
767 2497 995 2594 praeciperet,
1010 2497 1208 2570 maximam
1228 2521 1329 2570 reve-

292 2618 448 2693 rentiam
468 2620 586 2694 bobus
605 2621 745 2694 deberi.
777 2621 871 2709 Quid
900 2622 1055 2718 postea?
1074 2603 1186 2692 Nobis
1207 2620 1331 2693 omnia

290 2744 366 2818 baec
396 2745 653 2858 reputantibus
683 2747 863 2821 succurrit
895 2770 968 2821 una
997 2747 1100 2820 laus.
1131 2745 1344 2848 vergiliana

198 2894 200 2899 ·
292 2875 391 2943 sunt.

341 2977 515 3090 Quamvis
527 2995 625 3069 enim
645 2996 724 3093 ejus
739 2995 928 3092 ingenium
944 2997 1099 3092 legendo
1114 2996 1329 3084 adoleverit,

268 3104 271 3107 Α
292 3144 365 3193 non
383 3145 425 3193 ea
440 3126 494 3194 est
509 3121 678 3194 lectionis
696 3121 814 3195 virtus
835 3146 907 3218 qua
921 3121 1059 3217 ingenii
1076 3123 1180 3194 dotes
1192 3145 1331 3194 rerum-

212 3329 214 3332 ,
292 3269 361 3340 que
384 3246 877 3343 experientiasuppleantur.
908 3247 996 3333 Nee,
1028 3245 1194 3318 collectis
1225 3244 1330 3318 libris

292 3369 424 3465 quibus
448 3371 526 3466 J'am
555 3396 617 3444 rus
645 3371 868 3444 celebratum
901 3374 993 3463 erat,
1025 3374 1183 3466 quantus
1211 3392 1327 3461 amor,

273 3472 401 3590 ¹quam
417 3494 514 3568 altus
531 3495 740 3570 intellectus
760 3496 856 3570 ruris
886 3495 1050 3592 Vergilio
1071 3495 1192 3585 luerit,
1216 3494 1328 3593 expli·

291 3619 431 3693 cavisse
451 3610 541 3694 mibi
568 3622 716 3712 videor3
743 3647 824 3707 nec,
847 3621 1071 3694 enumeratis
1088 3619 1330 3716 scriptoribus

292 3743 353 3838 qui
373 3744 592 3840 aliquidaut
616 3745 714 3818 docti
735 3752 798 3821 aut
821 3746 1010 3820 artificiosi
1038 3745 1261 3818 authumani
1286 3747 1331 3818 de

290 3867 510 3944 animalibus
520 3871 701 3960 dixerant,
713 3871 918 3968 explicatur
932 3895 997 3945 cur
1009 3870 1144 3944 totiens
1159 3868 1332 3943 animalia

289 3992 539 4089 descripserit,
552 4019 623 4091 qua
637 3994 831 4091 descriptis
847 3995 1007 4068 animam
1022 3991 1213 4078 alssaverit,
1227 3993 1332 4065 deni·
1409 4047 1412 4053 -

328 4283 367 4355 (1)
387 4285 537 4351 Quaedam
551 4285 691 4357 Magonis
702 4289 868 4360 praecepta,
890 4289 925 4340 ut
939 4283 1061 4340 seilicet
1080 4281 1118 4338 de
1131 4299 1224 4356 apum
1240 4298 1332 4354 gene-

292 4373 422 4443 ratione,
438 4379 589 4431 memorat
604 4375 776 4431 Columella
795 4391 864 4447 quee
883 4371 1015 4445 Vergilii
1031 4373 1195 4445 praeceptis
1216 4369 1332 4426 similia

293 4459 462 4529 videntur;
486 4465 589 4519 omnia
615 4481 689 4520 vero
712 4464 777 4520 haec
798 4464 836 4519 ab
851 4461 1021 4518 Aristotele
1037 4466 1091 4517 aut
1106 4477 1125 4516 a
1143 4461 1295 4530 Varrone,
1315 4475 1333 4513 a

291 4549 406 4621 quibus
418 4553 481 4622 jam
497 4551 580 4610 dicta
595 4558 693 4620 erant,
707 4553 866 4626 Vergilius
884 4555 1026 4624 accipere
1043 4551 1154 4624 potuit.
