3262 5430
524 1687 529 1696 -
572 1606 1080 1751 CONCLUSIO'

198 2192 201 2196 .
347 2131 461 2222 Libet,
481 2132 539 2206 vel
549 2133 670 2229 potius
684 2132 789 2204 decet
800 2155 915 2229 pauca
929 2132 973 2204 de
986 2133 1164 2206 Fontanic
1177 2134 1223 2206 ad
1242 2158 1330 2207 con-

296 2257 521 2332 cludendum
547 2259 615 2331 hcc
630 2257 849 2354 opusculum
887 2258 1037 2332 addere.
1066 2256 1200 2353 Ecquis
1232 2250 1330 2330 enim

265 2482 270 2491 .
295 2385 340 2456 de
359 2382 583 2457 animalibus
599 2382 701 2489 loqui
725 2387 859 2481 potest,
891 2382 980 2479 quin
1009 2383 1089 2481 ejus
1109 2376 1251 2456 fabulas
1272 2404 1331 2454 re·
1475 2430 1478 2436 -

294 2508 491 2583 cordetur?
506 2508 727 2582 Carissimus
743 2514 779 2582 et
789 2509 866 2596 ille,
885 2490 952 2582 ne'c
978 2509 1080 2582 adid
1101 2531 1184 2582 cum
1206 2508 1332 2602 Vergi-

294 2635 345 2711 lio
372 2637 657 2734 comparandus
694 2642 734 2710 ut
768 2634 956 2739 minuatur
978 2634 1146 2725 alterius,
1179 2634 1332 2709 alterius

299 2768 475 2859 augeatur
487 2762 624 2860 gloria3
641 2764 708 2836 hac
727 2786 814 2836 vero
832 2762 1120 2858 comparatione,
1138 2760 1227 2855 quid
1247 2785 1331 2858 pro·
1415 2857 1416 2860 Ἴ

244 2871 246 2874 ⁴
298 2887 369 2986 prii
399 2887 557 2982 Vergilio
604 2886 887 2961 inanimalium
928 2885 1239 2984 descriptionibus
1268 2886 1329 2976 sil,

294 3012 430 3085 clarius
448 3012 574 3086 videre
590 3012 679 3085 mihi
694 3012 835 3087 videor.

342 3138 516 3225 Quamvis
536 3135 736 3214 Fontanius
757 3162 880 3211 rerum
903 3116 1128 3212 naturalium
1142 3136 1329 3233 scriptori-

293 3265 362 3337 bus
383 3287 511 3347 senon
525 3263 777 3362 applicaverit,
795 3264 893 3337 haud
910 3265 1033 3339 minor
1051 3269 1106 3337 est
1124 3265 1203 3362 ejus
1218 3289 1328 3362 quam

293 3389 446 3485 Vergilii
461 3388 652 3485 diligentia
665 3391 710 3463 ad
731 3389 963 3463 observanda
987 3389 1178 3476 animalia,
1198 3415 1265 3463 nec
1285 3391 1329 3464 ad

292 3539 416 3589 eorum
431 3513 730 3606 formamverbis
749 3513 1020 3611 depingendam
1055 3514 1141 3612 styli
1169 3516 1330 3601 sollertia

292 3640 427 3715 minor.
455 3642 490 3713 ls
510 3646 589 3714 erat
606 3639 667 3736 qui
687 3664 785 3714 nunc
801 3639 1027 3714 urbanorum
1052 3627 1243 3737 magisque
1269 3666 1331 3715 ur-

293 3761 474 3871 banarum
494 3765 693 3861 colloquio,
727 3790 826 3839 nunc
847 3765 1025 3840 silvarum
1046 3765 1195 3840 silentio
1212 3767 1333 3841 delec-

292 3892 404 3982 tatus,
423 3914 550 3964 omnes
566 3890 718 3965 delicias
747 3890 1032 3987 voluptatesque
1053 3870 1138 3963 vite
1165 3890 1329 3966 vicissim

195 4108 198 4114 ¹
292 4009 487 4100 delibaret,
508 4012 658 4088 nemine
684 4021 866 4116 Πολύφιλος
876 4037 886 4102 ;
902 4037 1011 4109 quem
1025 4037 1099 4087 non
1119 4015 1240 4095 solum
1255 4013 1347 4091 sum

157 4149 159 4152 ’
292 4146 409 4219 aetatis
439 4170 575 4240 mores,
605 4150 671 4223 sed
709 4149 821 4223 etiam
843 4148 1097 4223 musculorum
1127 4150 1328 4248 sellumque

292 4275 429 4345 eterna
455 4272 555 4346 bella
574 4279 636 4348 aut
656 4276 765 4349 ducta
780 4299 801 4348 a
819 4274 980 4348 formicis
1001 4274 1130 4350 lunera
1146 4276 1329 4374 inspicere

287 4395 449 4492 juvaret.
470 4397 574 4495 Saepe
589 4399 753 4493 quidem,
777 4399 875 4495 qued
895 4401 992 4496 apud
1012 4401 1218 4497 Vergilium
1232 4428 1329 4477 nun·

290 4546 400 4617 quam
420 4522 474 4612 fit,
495 4521 534 4596 in
561 4524 641 4621 ejus
669 4524 830 4621 scriptis,
866 4523 1001 4599 tabulis
1018 4526 1171 4617 scilicet,
1193 4528 1325 4603 bestiae
