3262 5430
513 1387 517 1395 .
626 1271 628 1275 ⁷
660 1331 810 1404 CAPUT
837 1332 882 1403 lll

150 1534 153 1541 “
265 1563 336 1622 oua
381 1530 570 1611 sumerum
613 1559 706 1626 aare
744 1560 949 1613 aurnunruu
999 1562 1148 1612 ronuau
1201 1520 1306 1611 uuar-

328 1672 330 1677 '
359 1669 362 1673 ”
466 1687 611 1746 ruuoun
645 1685 835 1752 novrvuu
860 1686 1102 1738 oxeunssnrur

308 1933 431 2008 Altera
449 1941 572 2010 autem
588 1935 842 2031 insigniorque
863 1935 993 2012 lausei
1011 1922 1177 2012 debetur.
1195 1937 1299 2024 Quod

259 2057 358 2132 enim
385 2083 504 2156 neque
519 2065 662 2134 veteres
687 2084 805 2156 neque
826 2061 911 2133 novi
926 2086 1048 2136 rerum
1071 2062 1295 2136 naturalium

259 2179 457 2279 scriptores
478 2190 690 2280 potuerunt,
717 2184 848 2280 potuit,
871 2210 954 2259 cum
974 2175 1149 2260 animal-ia
1168 2186 1295 2263 amicis
1364 2196 1368 2202 '

260 2307 561 2404 memoribusque
584 2308 688 2405 quasi
720 2308 872 2406 pictoris
900 2309 1013 2384 oculis
1034 2311 1296 2407 ipseobserua-

259 2431 388 2505 visset.
405 2435 484 2507 Non
499 2435 594 2531 apud
606 2457 704 2520 eum,
720 2435 815 2508 sicut
827 2437 1136 2531 apudnostratem
1150 2436 1294 2527 Bullon,

135 2558 142 2571 '
245 2557 394 2630 ¹decora
409 2557 520 2632 simul
542 2567 577 2632 et
599 2559 731 2655 frigida
749 2584 877 2634 eorum
892 2560 1012 2655 imago
1034 2567 1125 2635 stat:
1145 2585 1218 2634 non
1232 2585 1296 2657 pro

260 2680 461 2778 eis'plumae
480 2690 543 2758 aut
562 2690 648 2758 setae
680 2690 743 2759 aut
771 2675 939 2782 squamae'
957 2683 1134 2758 marmori
1150 2685 1297 2758 cuidam

261 2787 669 2904 inductaessplendenr:
687 2810 779 2908 ipsa,
802 2802 1083 2908 ipsa'inquam5
1112 2810 1150 2883 in
1176 2809 1298 2882 medio

261 2953 349 3025 agro
363 2930 543 3021 autlitore
553 2938 588 3006 et
600 2957 703 3030 paene
717 2934 755 3007 in
767 2934 890 3008 medio
905 2935 1029 3010 volatu
1041 2939 1103 3010 aut
1113 2935 1296 3031 ingressu,
1311 3019 1312 3023 Ἴ
1331 2995 1333 2997 »

262 3063 302 3133 ut
320 3064 438 3148 erant,
466 3060 710 3157 deprehensa,
742 3060 952 3156 rusticoque
987 3085 1069 3134 roro
1102 3065 1166 3134 aut
1184 3058 1297 3132 maris
1390 3074 1392 3079 ·

159 3215 162 3222 ·
235 3179 238 3182 ’
263 3205 394 3280 spuma
413 3185 532 3260 adhuc
551 3186 741 3281 adspersa,
771 3185 829 3258 hic
859 3185 983 3259 rivere
1002 3210 1043 3259 ac
1063 3185 1203 3281 spirare
1218 3207 1296 3256 cre-

207 3356 209 3361 ·
263 3310 342 3381 das.

311 3433 393 3507 Dixi
413 3435 582 3531 equidem
597 3435 758 3533 poeticas
778 3436 922 3526 fabulas
947 3436 992 3510 de
1016 3435 1237 3510 animalibus
1254 3436 1299 3509 ab
1325 3476 1328 3481 ·

262 3585 393 3635 eonon
412 3563 564 3636 omnino
584 3562 771 3658 neglectas
799 3585 893 3635 esse.
922 3565 1102 3636 Araneam
1129 3563 1301 3637 Minervae

263 3686 421 3761 inrisam
435 3687 479 3786 (t)
495 3694 532 3761 et
553 3687 597 3760 ab
627 3686 757 3784 apibus
778 3709 932 3760 canoros
953 3688 1096 3763 sonitus
1117 3689 1300 3786 crepitan-

265 3813 472 3915 tiaqueaera
491 3813 667 3886 Curetum
683 3810 817 3885 secutis
836 3811 963 3884 Jovem
985 3812 1074 3885 olim
1089 3813 1261 3911 pastum(
1288 3814 1302 3907 l
1400 3848 1402 3853 ·

263 3939 408 4014 cecinit.
432 3940 630 4014 Cerberum
660 3939 729 4035 (3),
752 3937 848 4034 Tityi
878 3938 1063 4012 vulturem
1092 3938 1156 4036 (l),
1176 3937 1300 4011 Furia·

179 4208 184 4218 .
301 4152 339 4226 (l)
355 4153 390 4210 G.
407 4153 459 4223 IV,
472 4153 602 4210 ilfi-llll.

277 4241 340 4316 Δ(ἳ)
355 4244 391 4302 G·
416 4241 467 4311 lv,
494 4243 624 4311 150-1523
647 4241 732 4316 quod
753 4243 908 4298 cecinerat
929 4241 993 4312 jam
1016 4239 1226 4298 Callimachus
1251 4242 1303 4295 :in

265 4332 346 4494 ΜΕ),
357 4332 455 4488 (ξίν,
471 4423 533 4479 482.
548 4423 626 4477 Aen.
642 4421 697 4488 Vl,
713 4421 848 4478 llll-423.

301 4511 567 4585 (creavisse.
714 4541 717 4545 .
863 4537 866 4544 -
