3262 5430
719 773 763 784 -
787 735 827 802 97
851 773 896 784 ..

292 876 423 950 Butlon
461 875 506 948 de
526 830 989 972 elephantorumoastitate
1007 901 1048 950 ac
1077 879 1257 976 conjugiis
1284 883 1328 954 ad

296 1000 535 1096 corrigendos
566 1000 684 1095 atatis
704 1026 779 1075 suae
805 1024 927 1075 mores
950 1002 1110 1098 graviter
1129 1011 1331 1102 ornateque

294 1125 399 1200 dixit.
417 1126 549 1216 Quare,
571 1123 739 1220 quisquis
766 1124 895 1221 procul
917 1149 938 1198 a
957 1149 1056 1214 rure,
1075 1127 1113 1200 in
1128 1130 1250 1203 media
1279 1130 1330 1203 bi·

291 1250 490 1343 bliotheca‚
512 1250 678 1325 eruditus
694 1249 950 1347 litteratusque
970 1251 1187 1326 animalium
1201 1253 1331 1328 laudes

229 1379 240 1428 t
293 1401 423 1450 canere
437 1375 734 1474 incipit‚plenum
745 1374 961 1471 periculosa
977 1376 1066 1451 aleae
1082 1401 1174 1474 opus
1187 1377 1330 1475 ingredi
1352 1429 1353 1433 =

295 1501 387 1575 mihi
402 1500 563 1576 videtur.

344 1621 445 1697 Nihil
464 1621 561 1719 apud
576 1620 781 1718 Vergilium
794 1621 867 1696 tale
882 1649 892 1711 3
908 1646 976 1695 nec
991 1625 1149 1697 mendax
1165 1623 1242 1716 ille,
1266 1649 1332 1699 nec

296 1753 469 1828 credulus
486 1778 494 1845 ;
512 1753 688 1827 animalia
707 1752 823 1849 magis
844 1751 964 1846 diligit
980 1775 1091 1846 quam
1119 1776 1198 1846 quae
1227 1751 1331 1826 salsis

296 1876 501 1974 alienisque
529 1879 701 1953 laudibus
735 1877 901 1951 extollat.
933 1877 1030 1964 Non,
1066 1900 1148 1971 quae
1176 1878 1331 1952 deorum

297 2007 406 2098 atque
422 2003 618 2078 infantium
638 2027 740 2081 more
752 2003 850 2076 nuda
862 2007 962 2088 sunt,
975 2001 1109 2098 pudica
1125 2007 1187 2075 aut
1211 2001 1331 2100 impu·

298 2128 630 2222 dicavocat,neque
643 2126 742 2221 quod
763 2129 933 2198 naturam
954 2129 1161 2220 sequuntur
1180 2124 1334 2198 erubes-

299 2253 360 2327 cit.
382 2255 536 2327 Miratur
562 2252 711 2347 quidem
732 2275 848 2348 apes:

359 2435 450 2508 Quod
461 2454 566 2514 neque
582 2435 756 2497 concubitu
770 2435 951 2514 indulgent,
964 2451 1023 2494 nec
1036 2405 1299 2513 corporasegnes

360 2537 395 2596 ln
405 2537 563 2596 Venerem
573 2535 713 2609 solvunt,
730 2538 785 2595 aut
795 2535 881 2593 fetus
897 2531 1026 2592 nixibus
1037 2530 1206 2612 edunttt),

302 2722 408 2821 quasi
445 2721 577 2813 ineis,
608 2721 741 2818 quibus
780 2719 1032 2795 communium
1073 2718 1338 2794 necessitatum
1398 2777 1400 2783 ,

301 2873 404 2948 pane
425 2848 636 2921 exsortibus
656 2847 790 2922 florum
809 2846 936 2921 babitu
955 2845 1055 2919 vesci
1084 2852 1337 2941 aeternumque

301 2973 551 3071 virginitatem
570 2972 692 3046 colere
713 2974 839 3047 datum
858 2977 927 3059 est,
944 2970 1067 3045 nescio
1089 2970 1177 3066 quid
1190 2971 1338 3064 elegan-

301 3099 375 3173 tius
391 3099 593 3196 puriusque
607 3122 718 3195 quam
737 3097 776 3170 in
801 3096 933 3171 ceteris
952 3096 1203 3171 animantibus
1232 3097 1335 3168 inve-

303 3224 380 3297 niat
395 3230 503 3319 atque
515 3228 723 3297 veneretur.
739 3223 844 3296 Haud
869 3226 1090 3295 tamenvere
1115 3245 1223 3307 novo,
1253 3249 1336 3299 cum

304 3347 415 3422 certis
437 3347 566 3422 diebus
584 3349 766 3422 Venerem
782 3352 948 3420 armenta
959 3350 1131 3443 repetunt
1144 3346 1338 3446 (2)‚oculos

305 3474 437 3570 pudice
468 3472 642 3546 demittit.
672 3475 718 3545 Ut
750 3470 995 3544 urbanitatem
1030 3470 1158 3563 boves,
1187 3475 1342 3570 utquid

307 3602 435 3675 deceat
452 3600 539 3696 quid
550 3600 624 3673 non'
636 3620 796 3672 suesnos
813 3598 982 3683 doceant,
994 3619 1068 3669 non
1082 3597 1205 3693 exigit,
1224 3624 1345 3697 neque

306 3729 352 3802 ad
372 3751 456 3800 eum
477 3726 589 3799 finem
608 3723 750 3822 lepidas
784 3722 1011 3817 callidasque
1038 3721 1212 3796 historias
1239 3749 1345 3801 exco-

308 3852 411 3956 gitat.
432 3854 470 3925 ld
485 3852 583 3948 quod
597 3853 790 3925 doctorum
806 3848 971 3923 virorum
999 3846 1344 3944 investigationibus

310 3979 528 4076 scriptisque
541 3978 638 4074 apud
652 4000 719 4050 nos
739 3976 777 4048 in
794 3974 872 4048 dies
893 3974 1009 4070 magis
1023 3972 1213 4069 magisque
1227 3976 1344 4048 mani-

309 4105 444 4178 lestum
480 4103 534 4192 tit,
557 4101 780 4198 praesensit:
809 4099 981 4173 omnibus
1001 4097 1167 4170 historiis
1194 4123 1275 4194 quae
1300 4100 1344 4173 ad
1377 4075 1379 4079 ‚

309 4230 490 4305 laudanda
505 4227 681 4300 animalia
707 4225 918 4322 excogitata
945 4227 1045 4312 sunt,
1061 4221 1247 4296 cotidiana
1275 4224 1344 4296 mi·

348 4479 386 4554 (q
402 4480 436 4536 a.
454 4477 505 4545 iv,
521 4476 652 4534 xer-roa

344 4570 379 4642 a]
398 4569 434 4625 e.
447 4567 485 4634 u,
499 4565 563 4622 aaa.
