3262 5430
799 474 976 540 -80-
1051 530 1053 533 ,

366 616 411 694 ad
444 621 612 689 naturam
643 600 861 719 sanguinis¹
876 611 1110 712 pulmonisve
1125 686 1131 698 ,
1147 612 1402 709 explicandam
1489 671 1491 675 ,

366 741 543 815 dissecat:
562 741 599 815 in
630 741 752 815 media
771 740 951 838 praesepia
964 763 1032 814 nos
1059 737 1318 825 secum'ducit,
1333 760 1402 810 no·
1452 746 1457 752 ’

364 865 493 962 bisque
519 871 604 940 ante
619 865 746 941 oculos
766 873 803 940 et
827 869 1039 963 pascentem
1055 865 1254 960 juvencam·
1268 867 1304 935 et
1321 882 1401 935 cur·
1438 897 1440 901 >

366 996 508 1065 rentem
525 1016 661 1087 equum
675 989 885 1066 constituit:
1326 973 1329 980 ¹

426 1180 488 1238 Nec
502 1179 582 1238 mihi
597 1178 767 1258 displiceat
772 1224 872 1240 ........

343 1296 347 1310 ’
424 1277 487 1336 Aul
502 1279 581 1356 juga
596 1277 790 1349 detrectans,
804 1275 1033 1356 interdumque
1044 1294 1160 1355 aspera
1170 1294 1282 1348 cornu,

427 1374 464 1434 Et
474 1374 588 1439 faciem
604 1380 697 1436 tauro
713 1376 856 1454 propior,
875 1393 1012 1454 quaeque
1027 1375 1131 1437 ardua
1140 1379 1220 1450 tota,

385 1480 387 1484 ’
429 1471 468 1530 Et
483 1472 637 1550 gradiens
650 1473 715 1534 ima
725 1474 825 1534 verrit
838 1473 976 1553 vestigia
990 1473 1094 1534 cauda
1108 1474 1119 1544 l
1143 1471 1164 1552 l.

426 1625 584 1687 Continuo
598 1627 726 1704 pecoris
741 1626 891 1706 generosi
903 1626 1011 1703 pullus
1027 1627 1061 1685 in
1075 1625 1162 1686 arvis

424 1722 528 1783 Altius
541 1723 734 1802 ingreditur,
752 1730 784 1785 et
800 1724 909 1785 mollia
925 1742 1022 1785 crura
1040 1723 1170 1802 reponit
1181 1722 1266 1802 (tl...

483 1823 572 1897 Tum,
591 1823 618 1885 si
634 1842 698 1902 qua
710 1841 827 1884 sonum
843 1823 956 1902 procul
972 1833 1062 1884 arma
1078 1821 1207 1896 dedere,
1235 1902 1240 1911 ι

424 1920 515 1980 Stare
530 1922 600 1981 loco
617 1922 731 1996 nescit,
750 1922 848 1982 micat
862 1921 1009 1993 auribus,
1028 1925 1059 1981 et
1074 1921 1183 1980 tremit
1197 1923 1300 1994 artus,

402 2048 406 2055 ·
426 2018 668 2098 collectumque
683 2021 824 2081 fremens
838 2018 940 2081 volvit
955 2020 1015 2080 sub
1031 2018 1165 2081 naribus
1180 2019 1301 2098 ignem.

428 2116 534 2178 Densa
546 2118 637 2194 juba,
654 2122 686 2178 et
696 2118 809 2179 dextro
822 2119 945 2195 jactata
956 2117 1116 2183 recumbit
1131 2117 1164 2176 in
1178 2133 1286 2189 armo;

1008 2220 1177 2294 cavatque.

428 2311 586 2374 Tellurem
603 2318 634 2374 et
647 2314 751 2376 solido
766 2315 908 2394 graviter
921 2319 1015 2375 sonat
1027 2314 1149 2393 ungula
1168 2329 1270 2373 cornu
1291 2311 1347 2391 (3).

368 2501 565 2609 Rogitasne
579 2480 895 2599 curjuvencailla,
907 2501 971 2575 ille
985 2524 1101 2597 equus
1114 2500 1201 2573 mihi
1214 2499 1409 2599 placeant?

366 2626 572 2700 Moventur.

315 2785 317 2790 ⁴
415 2750 517 2824 Adde
537 2752 635 2848 quod
651 2753 749 2850 apud
766 2752 970 2850 Vergilium
999 2753 1164 2827 locorum
1179 2744 1408 2848 temporum·

367 2899 439 2970 que
455 2876 653 2974 descriptio
668 2877 810 2969 avibus
829 2879 1045 2976 pecudibus,
1064 2877 1200 2953 belluis
1212 2875 1407 2972 descriptis

369 2999 630 3091 circumdatur,
653 3002 850 3106 omniaque
869 3003 939 3078 sibi
968 3002 1192 3079 conveniunt
1216 3000 1301 3092 (tls

407 3222 444 3295 (ll
460 3222 496 3278 G.
514 3223 569 3294 ΙΙΙ,
585 3226 675 3284 tro-59.

409 3311 447 3385 (Ι)
463 3313 496 3367 ln
511 3328 574 3385 quo
594 3330 688 3370 versu
704 3320 845 3390 apparet,
862 3319 917 3390 qui
926 3320 1030 3375 omnia
1043 3317 1175 3390 Vergilii
1195 3315 1280 3373 dicta
1298 3315 1410 3387 οὕτω·

372 3402 418 3457 cis
435 3402 617 3459 auctoribus
633 3410 758 3478 sumpta
780 3423 851 3462 essa
864 3407 923 3463 sibl
944 3407 1076 3479 lingunt,
1095 3409 1140 3464 eis
1156 3421 1278 3478 semper
1299 3420 1411 3462 caven-

374 3488 449 3545 dum
465 3507 545 3558 esse,
562 3507 601 3548 ne
620 3494 651 3547 in
667 3488 789 3550 lovea'm
808 3494 964 3553 decidant.
984 3497 1121 3554 Caveant
1134 3498 1217 3552 enim
1233 3511 1272 3551 ne
1287 3494 1345 3551 hoc
1361 3509 1369 3551 t
1383 3498 1412 3549 ct

373 3582 480 3635 mollia
495 3596 589 3636 crura
614 3586 746 3652 reponit,
770 3601 789 3640 a
802 3585 1016 3659 Xenophontis
1029 3586 1159 3642 verbis:
1181 3583 1215 3638 τὰ
1237 3579 1319 3653 σκέλη
1343 3581 1412 3658 ὑγρὰ

373 3668 541 3814 ζετεωρίζει,
556 3672 745 3730 translatum
762 3677 894 3747 putent:
913 3675 1004 3732 Ennii
1020 3691 1132 3731 versus
1148 3676 1175 3729 is
1196 3679 1245 3731 est
1266 3672 1305 3730 de
1324 3674 1414 3744 grui-

397 3758 449 3814 us!
1320 3781 1323 3787 '

408 3845 446 3918 (3)
462 3847 497 3904 G.
516 3848 569 3916 ΙΙΙ,
591 3851 683 3908 75-88.

409 3935 446 4010 (Ι)
463 3937 569 3994 Simile
581 3938 700 4012 aliquid
711 3942 794 4016 apud
807 3943 1049 4019 Graecospoetas
1064 3944 1299 4019 praesertimque
1309 3938 1416 3997 Hesio·

375 4025 450 4082 dum
469 4029 630 4086 miramur.
647 4029 731 4097 Quid
744 4036 826 4089 enim
841 4036 985 4092 versibus
999 4034 1163 4108 pulchrius
1179 4033 1336 4105 inquibus
1353 4028 1416 4084 hie·

372 4131 454 4172 mem
473 4115 655 4174 describens
679 4123 819 4178 omnium
843 4125 1049 4181 animantlum
1064 4122 1187 4180 dolores
1211 4120 1305 4178 simul
1329 4134 1415 4175 reco-

373 4207 506 4277 gnoscit,
522 4211 553 4262 et
572 4207 682 4264 silvam
694 4211 809 4267 Austro
825 4220 1002 4284 gementem
1013 4211 1164 4287 depingit,
1177 4211 1340 4284 solamque
1354 4210 1414 4265 vir-

375 4296 481 4366 ginem
503 4297 534 4350 in
551 4300 693 4354 materno
708 4300 853 4358 cubiculo
868 4318 999 4375 pensum
1015 4301 1234 4360 devolventem
1249 4313 1361 4356 canere
1377 4310 1413 4352 ac
