3262 5430
657 367 677 392 a

657 425 807 499 'Q‘

689 633 903 734 -57-'

253 811 328 884 reis
343 811 404 910 (t),
428 816 640 908 surgentem
654 810 692 883 in
713 833 852 884 cornua
872 833 1020 885 cervum
1038 812 1103 907 (2),
1123 835 1189 885 sua
1213 835 1293 907 gra·

254 935 305 1010 tia
323 942 391 1011 est.
406 937 501 1026 Quid
521 937 552 1011 si
579 936 754 1035 pleraque
775 935 1052 1035 simplicissima
1070 942 1156 1011 sunt
1172 938 1293 1012 ?L0c0

254 1064 587 1152 commendantur3
614 1063 700 1136 inde
725 1060 886 1158 insignia
907 1065 941 1134 et
964 1085 1047 1134 rara
1062 1047 1169 1135 iiunt.
1188 1063 1295 1149 Quae-

252 1212 409 1290 cumque
437 1189 534 1261 enim
550 1192 607 1262 est
621 1189 668 1262 ad
699 1187 987 1262 describendum
1002 1185 1127 1260 latinae
1158 1184 1293 1283 linguae

253 1318 408 1409 egestas,
427 1337 470 1387 ea
486 1319 541 1386 est
561 1313 677 1388 divini
697 1319 813 1410 poetae
846 1337 906 1387 ars
933 1338 1012 1410 quae
1048 1310 1174 1410 paucis
1194 1335 1292 1394 com-

253 1437 501 1534 munibusque
519 1439 708 1515 vocabulis
727 1440 845 1514 multe
865 1446 901 1513 et
913 1437 1079 1512 inaudita
1095 1437 1302 1534 significet·

183 1563 185 1568 ’
253 1553 357 1649 Quod
372 1562 514 1659 aliquot
526 1564 705 1662 exemplis
723 1564 911 1639 illustrare
931 1565 1051 1637 detur.
1095 1566 1104 1578 '

302 1687 396 1762 Sunt
416 1688 476 1783 qui
489 1689 758 1778 avemaeriam,
780 1689 939 1763 lacertos
960 1664 1111 1778 virides,
1126 1687 1293 1762 hirundi-

258 1834 341 1883 nem
357 1812 557 1907 garrulam,
585 1814 776 1910 palumbes
784 1816 931 1900 raucas,
948 1812 1065 1908 talpas
1080 1810 1197 1885 oculis
1213 1835 1295 1906 cep-
1409 1854 1412 1859 >

258 1940 328 2023 tes,
358 1936 504 2010 leonem
523 1937 666 2012 fulvum
692 1938 752 2011 vix
768 1921 921 2035 dignum
941 1942 1070 2036 putent
1083 1936 1180 2032 qued
1196 1935 1294 2007 dica-

170 2078 172 2083 '
253 2065 327 2136 tur.
343 2062 484 2137 ltille:

282 2241 409 2318 ¹'Parta
423 2275 503 2317 meae
514 2257 633 2319 Veneri
649 2263 725 2319 sunt
735 2275 889 2319 munera:
908 2276 1048 2337 namque
1065 2261 1175 2322 notavi
1251 2243 1253 2246 ’
1280 2250 1282 2255 ’

311 2355 382 2433 lpse
397 2355 503 2416 locum
516 2356 611 2416 aeriae
626 2374 690 2434 quc
702 2373 896 2435 congessere
908 2356 1078 2434 palumbes
1096 2357 1151 2437 (3).

251 2560 390 2655 Nempe
411 2582 454 2632 eo
470 2633 475 2640 ,
492 2562 631 2656 gratius
653 2585 787 2636 munus
813 2585 885 2658 quo
924 2564 1062 2660 majore
1079 2587 1189 2659 opera
1210 2558 1305 2660 par-⁴

250 2692 329 2761 tum
352 2665 429 2776 est,
452 2710 518 2759 nec
542 2686 727 2759 Damoetas
755 2710 864 2782 quam
888 2688 1060 2761 audacter
1091 2689 1136 2761 ad
1163 2687 1292 2763 nidum

24 2836 28 2844 ·
152 2894 154 2899 .
252 2834 405 2885 summae
419 2811 563 2885 arboris
582 2818 645 2884 aut
663 2811 818 2885 excelsae
831 2812 934 2908 rupis
951 2820 1092 2887 secreto
1111 2815 1292 2889 creditum

208 2999 211 3004 .
250 2935 593 3024 ascenderit,.suam
613 2937 794 3010 Venerem
810 2937 980 3032 ignorare
994 2938 1087 3014 vult.
1109 2938 1211 3013 Alius
1231 2964 1239 3012 ε

311 3177 371 3195 .....
396 3135 567 3213 Nunquam
584 3135 848 3214 imprudentibus
865 3135 971 3197 imber

307 3229 435 3308 Obluit;
451 3237 508 3293 aut
523 3233 615 3292 illurn
631 3239 818 3312 surgentem
840 3234 980 3295 vallibus
996 3234 1071 3294 imis
1167 3299 1170 3303 ⁴

310 3329 413 3397 beriae
428 3330 541 3410 fugere
555 3349 654 3410 grues
670 3331 726 3412 (l).

186 3626 190 3631 ,
228 3613 231 3616 ,
303 3543 372 3644 Qui
387 3567 519 3619 versus
546 3546 607 3619 vix
627 3544 943 3643 intellegerentur,
970 3548 1041 3622 nisi
1061 3548 1155 3623 illud
1189 3556 1294 3623 aeriae

250 3651 430 3768 scriptum
453 3676 563 3761 esset,
586 3671 722 3746 nedum
749 3671 880 3746 inutile
908 3679 944 3747 et
964 3673 1161 3748 homericis
1176 3680 1293 3783 κοίλῃς
1343 3711 1345 3715 ·

249 3817 344 3891 νηυσί
365 3805 487 3879 simile
508 3806 568 3881 sit.
590 3806 828 3902 impendente
844 3806 982 3903 pluvia,
1001 3833 1081 3903 quae
1107 3833 1226 3905 nuper
1254 3809 1292 3884 in
1376 3898 1378 3903 ἲ

199 3997 203 4002 .
250 3940 534 4032 aerevolabaut,
559 3965 667 4038 grues
690 3945 807 4016 tutem
836 3940 972 4016 vallem
1004 3948 1135 4040 petunt
1167 3943 1291 4041 ibique

286 4175 615 4287 mumummm

287 4303 324 4376 (2)
338 4304 416 4360 Aen.
432 4303 468 4368 X,
481 4304 544 4362 725.
660 4336 666 4343 ·

287 4390 600 4464 mmemmm.

164 4475 167 4481 ’
287 4480 564 4554 benamu
