3262 5430
731 523 772 535 -
798 484 840 552 60
864 523 908 537 ..

303 630 410 705 illum
442 631 487 703 de
507 654 596 727 rupe
616 632 772 704 dumosa
786 630 945 726 capellas
964 631 1106 722 pendere
1137 629 1205 726 (l),
1222 629 1258 702 et
1273 637 1339 725 per

299 758 464 829 aestatem
492 754 672 851 liquidam
688 778 819 848 agmen
846 778 959 854 apum
977 779 1061 826 nore
1090 755 1141 851 (2)
1169 730 1337 850 memini,

295 882 488 977 primoque
508 887 699 970 autumno,
722 880 855 954 durum
872 879 1037 953 laborem
1057 855 1214 954 aratoris
1230 886 1340 976 atque

292 1005 406 1080 boum
436 1005 658 1102 speculatus
682 1003 878 1100 pulelirum
911 1002 1008 1078 hunc
1034 993 1342 1096 versumrecon

294 1131 362 1203 dor
378 1155 385 1204 :

358 1327 500 1388 Flectere
513 1319 663 1387 luctantes
678 1327 763 1386 inter
774 1326 883 1387 vineta
895 1291 1053 1405 juvencos
1069 1326 1125 1407 (3).

300 1536 429 1622 Immo,
447 1535 491 1607 de
519 1531 624 1628 equis
640 1531 691 1604 ita
705 1554 814 1606 cursu
830 1533 944 1629 raptis
960 1536 1001 1607 ut
1027 1522 1201 1628 quattuOr
1226 1531 1340 1627 pedes

299 1683 397 1732 nunc
414 1659 611 1756 extendere
632 1681 728 1730 nunc
750 1656 876 1731 subter
896 1661 937 1730 se
955 1664 1171 1732 connectere
1186 1655 1336 1729 videan-
1455 1741 1464 1756 ὁ

289 1791 372 1874 tur,
395 1782 568 1879 vixloqui
582 1787 701 1879 potes,
723 1781 795 1854 nisi
815 1781 1027 1877 Vergiliano
1048 1782 1177 1866 dicto:
1203 1808 1335 1878 pressus

296 1911 487 1999 plomerore
506 1910 566 2006 (1),
585 1907 712 1981 uteris.
742 1908 795 2003 De*
810 1905 975 1979 formicis
1003 1913 1156 1985 contro:
1182 1938 1196 1975 α
1226 1911 1256 1980 11
1281 1907 1335 1979 ni·

297 2056 402 2128 grum
424 2032 563 2129 campis
576 2055 705 2127 agmen
720 2035 770 2127 (5)
793 2058 825 2120 n,
844 2023 907 2120 ait,
930 2038 965 2106 et
981 2033 1079 2126 quod
1097 2032 1142 2106 ab
1161 2031 1279 2106 Ennio
1293 2033 1337 2105 de
1425 2035 1429 2043 '

182 2137 183 2140 Ἴ
299 2157 506 2253 elephantis
527 2143 703 2252 scriptum
719 2158 783 2239 aut
797 2153 889 2227 nihil
920 2159 983 2228 aut
998 2138 1129 2251 parum
1157 2155 1337 2253 sapiebat,
1375 2248 1377 2252 Ι

299 2282 357 2354 hic
376 2281 438 2355 ubi
457 2280 716 2354 brevissimum
731 2279 833 2352 illud
851 2283 879 2351 tt
897 2304 980 2352 cum
1010 2280 1241 2355 brevissimis
1263 2280 1338 2354 sor·

301 2409 479 2480 micarum
496 2405 650 2502 pedibus
683 2392 865 2478 tambeue
881 2405 1053 2496 concinit,
1075 2406 1240 2504 lepidum
1266 2417 1335 2485 est.

301 2520 441 2630 Saepius
467 2540 589 2605 tamen
624 2530 791 2605 omnium
813 2555 831 2604 e
859 2532 994 2627 quibus
1014 2539 1186 2609 constant
1209 2538 1338 2611 verbo-

188 2642 190 2646 ·
301 2684 382 2733 rum
399 2655 657 2732 convenientia
692 2679 801 2751 quam
831 2655 942 2730 unius
957 2656 1081 2731 colore
1101 2683 1230 2736 versus
1244 2666 1337 2738 Ver-

301 2783 379 2879 gilii
398 2783 557 2880 placent.
589 2781 648 2855 Sic
667 2781 705 2854 in
732 2781 897 2878 ipsehoo
927 2793 1035 2878 quem
1060 2785 1198 2882 protuli
1228 2811 1338 2860 versu

120 2906 131 2917 ⁴⁴
240 3012 242 3016 ,
302 2933 411 3004 (1ὓᾶῑῦ
437 2914 644 3022 apterauroe
671 2906 864 3004 palumbes
884 2908 1145 3000 pemere‘dictae
1166 2909 1253 3002 sint,
1276 2912 1338 3009 pa·

300 3036 375 3120 tet;
404 3029 557 3119 sie'nos
589 3032 628 3102 ut
642 3028 813 3125 quiequid
830 3029 909 3127 ipse
922 3033 1135 3107 rusticando
1149 3035 1208 3109 vel
1223 3036 1339 3111 oculis

300 3156 359 3230 uel
375 3155 525 3229 auribus
542 3155 758 3251 perceperit,
775 3154 966 3250 videamus
980 3156 1257 3255 audiamusque,
1274 3161 1340 3233 ad-

226 3381 228 3384 4
298 3279 416 3354 ducit.
543 3263 544 3266 Ἴ
1235 3257 1238 3263 .

351 3406 456 3494 Quod
473 3407 518 3479 ad
541 3385 888 3493 efficiendum,'non
924 3407 1045 3481 solum
1077 3410 1204 3502 omnia
1235 3434 1340 3487 voca·

338 3632 373 3700 (11
393 3632 468 3686 Buo.
484 3630 508 3701 l,
524 3629 568 3686 76.

341 3719 430 3793 (1)(1.
450 3720 565 3789 111,511,

339 3809 377 3881 (3)
392 3809 426 3866 G.
444 3810 480 3879 ll,
504 3809 566 3866 356.
588 3808 672 3865 ldem
687 3808 725 3864 ab
740 3808 869 3865 Hesiodo
885 3809 1077 3882 descriptum
1103 3817 1170 3867 erat
1189 3812 1280 3888 (Ἔργ.
1298 3812 1343 3866 καὶ
1424 3887 1427 3892 .

303 3901 369 3970 Ἥμ.
385 3897 510 3971 139-110)
526 3917 532 3953 :
1069 3897 1072 3900 ’
1390 3919 1392 3922 ’

283 4021 286 4024 “
499 4007 559 4089 ΟὐκΙ
571 4005 600 4061 ἂν
616 4007 681 4080 τώγ’
695 4005 810 4081 ἐρίσαντ’
831 4005 857 4060 ἐν
874 4003 971 4062 αὔλακι
982 4007 1040 4081 κὰμ
1057 4008 1103 4082 μὲν
1117 4007 1231 4084 ἄροτρον
1298 4013 1304 4021 ”
1337 4020 1345 4036 ⁴

504 4096 623 4165 Ἄξειαν.
648 4099 652 4104 ’
1189 4117 1191 4120 ’

346 4215 385 4288 (1)
401 4215 436 4272 G.
452 4214 584 4283 111,,117.

349 4305 384 4374 (5)
395 4304 471 4359 Aen.
489 4301 541 4370 lv,
556 4303 616 4359 tol.
