3262 5430
779 595 958 663 ..74-

396 742 494 815 Heu!
513 739 667 812 minimo
681 761 771 811 sono
791 739 979 828 exterrita,
997 740 1118 814 omnis
1133 723 1252 828 turba,
1270 738 1388 812 multo

295 932 297 936 ,
347 865 569 939 feminarum
599 862 785 957 clangore,
820 863 979 942 marium
1022 863 1140 956 nullo,
1182 888 1248 937 ceu
1288 863 1389 937 venti

347 990 498 1064 turbine
510 989 675 1084 abrepta,
694 987 815 1061 subito
830 990 1090 1080 evanescebat;
1110 990 1388 1086 necquicquam

346 1114 516 1188 obstabat
545 1111 637 1208 quin
670 1112 795 1186 elusus
825 1120 980 1187 uenator
1012 1112 1051 1187 in
1072 1114 1225 1187 modum
1260 1112 1388 1186 solacii

349 1262 474 1312 secum
496 1238 572 1309 haec
586 1235 776 1308 recitaret:

704 1490 705 1494 ,
855 1466 931 1485 ......
949 1423 1066 1496 Quales
1082 1422 1142 1514 sub
1158 1420 1299 1483 nubibus
1311 1422 1390 1483 atris
1401 1450 1411 1512 j

307 1579 309 1581 ,
410 1522 600 1601 Strymoniae
616 1522 694 1583 dant
705 1520 799 1600 signa
814 1536 923 1601 grues
942 1528 1040 1600 atque
1055 1522 1177 1582 aethera
1192 1524 1324 1580 tranant

410 1622 488 1682 Cum
502 1622 623 1694 sonitu,
640 1621 833 1700 fugiuntque
850 1622 951 1681 Notos
966 1620 1107 1681 clamore
1123 1619 1267 1680 secundo
1283 1618 1338 1699 (1).

396 1810 498 1906 Saepe
529 1808 679 1905 quidem
707 1809 753 1882 ab
773 1809 946 1898 Homero,
980 1807 1192 1882 aLucretio
1219 1831 1389 1882 nonnun-

348 1959 473 2031 quam,
494 1930 712 2008 animalium
732 1940 858 2030 gestus
885 1934 1015 2008 eodem
1041 1933 1152 2006 modo
1182 1938 1218 2006 et
1232 1933 1389 2030 inspecti

347 2065 383 2132 et
411 2059 586 2155 descripti
621 2066 738 2133 erant.
756 2060 830 2131 Nec
861 2082 991 2154 parum
1019 2057 1128 2132 doieo
1156 2057 1253 2153 quod
1273 2058 1311 2130 in
1330 2057 1389 2129 his

346 2184 437 2258 locis
452 2184 515 2259 ubi
535 2184 721 2279 Vergilius
739 2182 916 2280 paludum
933 2187 969 2256 et
990 2182 1101 2256 maris
1116 2182 1286 2256 uolucres
1299 2183 1390 2255 ceei-

349 2308 417 2398 nit,
448 2307 572 2380 uivida
587 2308 653 2381 illa
672 2308 820 2381 Homeri
835 2308 946 2381 verba
961 2307 1006 2380 de
1025 2306 1147 2380 fulicis
1161 2307 1389 2403 piscantibus

349 2432 506 2528 aliisque
519 2433 676 2507 aliarum
688 2433 819 2530 praedae
835 2431 1093 2512 aniliclamore
1113 2431 1386 2507 invidentibus:

348 2558 539 2659 κλαγγηδὸν
551 2557 878 2666 προκαθιζόντωνθ),
892 2556 1386 2644 absunt.Cumolimbestiae‚
1443 2590 1445 2593 ·

348 2691 387 2762 in
406 2691 561 2765 rudibus
588 2690 686 2786 agris
706 2690 966 2785 inviolatisque
983 2689 1087 2763 silvis
1104 2697 1284 2778 errantes,
1306 2714 1390 2787 pro-

350 2813 409 2919 cul
433 2837 454 2885 a
477 2814 650 2886 societate
670 2813 863 2888 hominum
885 2814 1051 2888 nondum
1079 2819 1230 2887 remotae
1248 2824 1386 2901 essent,

349 2939 465 3012 multa
496 2946 582 3013 sunt
612 2941 649 3014 in
672 2940 875 3014 Homericis
908 2963 1034 3012 earum
1076 2940 1389 3038 descriptionibus

350 3087 425 3136 non
441 3072 563 3138 mente
583 3067 801 3162 excogitata,
817 3066 881 3138 sed
913 3064 994 3138 visu
1024 3073 1219 3162 pereepta;
1243 3060 1391 3140 'seilicet

353 3190 428 3262 haeo
448 3190 493 3262 de
513 3190 657 3264 duobus
677 3189 847 3263 leonibus
861 3213 1007 3286 capram
1021 3214 1088 3285 per
1101 3189 1263 3284 virgulta
1290 3190 1354 3263 aui
1376 3233 1389 3244 -

351 3312 542 3385 rentibus:

435 3488 531 3594 ,Υψοῦ
551 3497 624 3607 ὑπὲρ
640 3504 739 3594 γαίης
759 3501 845 3568 κατὰ
864 3497 1080 3598 γαμφηλῇσιν
1095 3499 1201 3593 ἔχοντε
1219 3491 1275 3593 (3)
1331 3472 1351 3510 ,.

348 3717 411 3785 aut
435 3707 480 3780 de
495 3706 593 3802 lupis
613 3729 761 3781 cervum
775 3705 990 3780 vorantibus
1007 3729 1014 3776 :

494 3899 603 3964 Πᾶσιν
621 3889 656 3962 δὲ
673 3899 813 3997 παρήϊον
827 3895 945 3988 αἱμα-τι
965 3866 1074 3986 φοινόν
1096 3915 1104 3931 ·
1222 3930 1225 3936 -

429 4027 497 4090 Καὶ
515 4014 550 4092 τ’
565 4015 726 4115 ἀγεληδὸν
739 4020 838 4101 ἴασιν,
853 4019 916 4086 ἀπὸ
935 4021 1059 4118 κρήνης
1078 4009 1279 4118 μελανύδρου

386 4245 425 4320 (1)
444 4248 520 4302 nen.
535 4244 719 4313 uoce-acc.

389 4335 429 4408 (ν)
444 4334 480 4392 u.
496 4334 535 4399 11,
550 4334 614 4392 roa.

388 4422 426 4496 (a)
448 4422 483 4479 u.
498 4423 581 4490 xur,
603 4423 664 4480 raa.
