3262 5430
725 633 901 735 ..rc-7

293 785 433 874 Quibus
446 786 521 856 baec
535 783 803 879 adjungamus:

351 969 512 1045 Impastus
528 984 587 1026 ceu
601 966 699 1044 ple'na
719 967 769 1028 leo
782 987 842 1046 per
853 969 952 1029 ovilia
969 969 1105 1030 turbans

354 1065 490 1145 (Suadet
505 1067 591 1125 enim
605 1082 725 1125 vesana
736 1065 851 1146 sames)
866 1068 1056 1146 manditque
1069 1066 1233 1143 trahitque
1324 1079 1326 1083 ·

255 1239 259 1247 ,
354 1165 445 1225 Molle
460 1181 560 1242 pecus
573 1167 763 1242 mutumque
779 1170 868 1226 metu
882 1184 889 1225 ε
906 1165 1015 1227 fremit
1027 1183 1081 1226 ore
1093 1168 1227 1226 cruento
1240 1162 1292 1244 (l).

342 1362 382 1433 ln
402 1359 460 1432 his
483 1358 575 1432 locis
607 1359 774 1432 attendas
798 1360 910 1433 velim
945 1385 1017 1456 qua
1047 1369 1138 1448 arte,
1172 1359 1334 1432 motibus

293 1485 425 1559 bellnae
445 1483 633 1559 exordiae
654 1485 803 1573 notatis,
833 1486 986 1560 ultimus
1013 1509 1142 1558 versus
1168 1483 1336 1556 concida-

295 1618 355 1685 tur
380 1617 415 1683 et
430 1608 469 1683 iu
482 1606 649 1682 clausula
668 1608 889 1704 acquiescat.
912 1608 1108 1684 Nonnulla
1125 1607 1223 1680 enim
1237 1630 1336 1680 com-

295 1733 503 1831 parationes
517 1730 554 1802 in
570 1733 714 1802 Aeneide
734 1754 776 1803 eo
794 1732 903 1805 modo
918 1736 1003 1805 sunt
1030 1732 1233 1822 conclusae3
1256 1731 1335 1827 qui·
1372 1751 1377 1766 ·

296 1860 365 1932 bus
380 1857 426 1930 ad
445 1858 557 1930 linem
582 1857 818 1952 vergentibus
838 1857 959 1931 bellua
979 1858 1162 1946 subsistit,
1184 1881 1336 1954 suspeu-

299 1985 398 2058 ditur
415 2006 494 2079 pes
517 1982 636 2077 rigent
650 1980 765 2077 jubae,
794 1987 894 2054 stant
919 1980 1062 2055 lumina
1078 1983 1239 2066 flamma,
1262 1985 1338 2052 etc

299 2108 405 2181 leone
434 2105 605 2181 saviente
631 2110 715 2182 viva
745 2117 865 2182 statua
885 2109 926 2182 lit
951 2114 1010 2204 (l).
1045 2110 1149 2197 Quod
1169 2108 1337 2181 deridere

301 2232 376 2305 noli
399 2232 589 2306 sententiae
621 2234 715 2307 benc
737 2241 832 2308 notae
851 2240 886 2307 et
917 2234 955 2307 in
980 2234 1217 2332 proverbium
1239 2233 1338 2330 jam·

301 2358 443 2455 pridem
460 2381 576 2430 versae
590 2358 789 2432 alludendo
809 2387 817 2430 :
842 2391 857 2426 o
884 2361 937 2433 Ne
952 2361 1031 2457 jam
1046 2366 1259 2448 moncatum
1283 2358 1337 2431 in-

300 2487 446 2580 ceptum
467 2489 535 2556 cst.
561 2513 577 2550 »
600 2484 708 2557 Nihil·
720 2485 882 2581 Vergilio
899 2509 982 2559 cum
1003 2484 1231 2558 nostratibus
1258 2481 1338 2577 qui-

301 2608 369 2680 bus
402 2607 538 2701 alludis
563 2634 758 2685 commuue
785 2616 853 2683 est.
878 2612 958 2683 Non
989 2612 1025 2684 in
1063 2608 1144 2705 ejus
1168 2608 1337 2681 versibus

301 2736 544 2830 compositum
565 2732 881 2828 ambitiosumque
896 2735 1037 2807 vultum
1062 2734 1146 2805 lerae
1164 2728 1337 2804 indu'unt.

302 2859 371 2933 Sed
388 2884 431 2934 eo
452 2860 567 2956 magis
585 2866 641 2934 est
659 2861 912 2949 admirandus
930 2861 1027 2956 quod
1049 2882 1121 2935 una
1143 2857 1285 2954 pictura
1305 2858 1341 2928 et

301 2981 527 3056 insilientem
543 2988 579 3055 et
597 2983 870 3056 incumbentem
890 2984 1020 3073 leram,
1038 2989 1073 3056 ct
1092 2984 1169 3080 jam
1189 2981 1341 3079 jamque

303 3109 347 3181 ab
367 3110 502 3181 aethere
514 3108 747 3204 delapsuram
762 3115 798 3181 et
813 3108 1001 3205 delapsam
1019 3133 1123 3182 avem
1139 3107 1342 3202 legentium

304 3232 589 3329 oculispraebet.
659 3213 661 3215 ’

355 3362 396 3431 ln
416 3360 586 3451 Georqicls
615 3383 832 3454 veroquam
856 3360 958 3433 vario
988 3361 1025 3433 in
1047 3364 1149 3431 motu
1165 3356 1341 3430 animalia

304 3483 574 3579 deprehendes!
593 3482 644 3555 lbi
668 3483 713 3555 ab
740 3490 822 3557 ortu
853 3484 899 3557 ad
927 3508 1097 3558 occasum
1119 3483 1209 3556 solis
1231 3507 1339 3578 pecu·

305 3607 392 3681 dum
406 3613 731 3701 armentorumque
749 3615 810 3681 aut
826 3607 1013 3682 laboribus
1024 3608 1194 3682 autludis
1211 3609 1341 3680 adesse

303 3728 402 3806 licet.
423 3732 505 3804 Non
520 3730 584 3804 ille
600 3732 644 3804 de
656 3732 805 3829 optimis
824 3735 928 3828 equis
937 3733 1179 3831 juvencisquc
1195 3730 1339 3827 frigide,

304 3856 1339 3956 utVarm,disserit3noneorumcorporautllristoteles,

341 4098 378 4171 (l)
398 4100 455 4154 Aer
496 4099 546 4165 lX,
563 4099 688 4156 338-340.
709 4101 795 4156 Licet
808 4098 942 4155 alterum
957 4103 1068 4156 Iliadis
1088 4099 1192 4155 locum
1207 4100 1216 4161 l
1221 4100 1272 4165 111,
1290 4099 1342 4154 ‘23-

304 4188 350 4261 26)
366 4205 438 4243 cum
458 4187 505 4242 bis
526 4187 666 4244 conferre
684 4207 691 4247 :
706 4190 757 4245 bic
772 4190 928 4244 Homerus
946 4196 979 4244 et
998 4189 1121 4244 leonem
1136 4188 1249 4262 praedae
1266 4191 1343 4242 insi-

306 4277 433 4332 lientem
443 4282 474 4334 et
484 4285 623 4350 pastores
635 4295 708 4334 eum
719 4282 921 4347 insectantes,
934 4277 1057 4351 duplice
1073 4278 1196 4333 scilicet
1209 4279 1342 4350 pictura,

306 4365 467 4421 describit.

345 4455 382 4528 (l)
394 4459 470 4512 Aen.
486 4458 522 4526 X,
545 4459 613 4525 il5;
627 4458 678 4525 XI,
700 4457 764 4524 ibb;
782 4458 847 4524 Xll,
867 4459 898 4524 83
915 4447 977 4522 tab,
995 4464 1056 4513 etc.
