3262 5430
808 519 1011 587 -90-Ι
1116 534 1126 553 '·

378 672 570 742 morantur
601 689 680 762 quae
715 664 900 760 quondam
930 661 1018 758 Argi
1053 663 1201 739 luerunt
1231 668 1410 764 sagacitas

376 792 621 889 agilitasque3
640 789 679 863 lit
694 790 738 862 de
758 812 800 861 eo
821 787 925 883 quasi
951 783 1068 863 oratio
1096 790 1274 866 funebris.
1298 795 1344 867 nt
1362 795 1408 883 is,

375 917 686 991 dominotandem
703 915 860 1004 reddite,
876 914 921 985 ad
948 915 1071 987 Manes
1085 916 1287 992 descendit.
1473 1012 1476 1016 ‚

425 1046 486 1116 Est
506 1037 650 1139 quoque
688 1040 725 1114 in
763 1040 859 1114 notis
894 1039 1062 1113 versibus
1104 1041 1262 1116 Lucretii
1293 1044 1411 1119 simile

272 1197 274 1199 ’
375 1167 545 1263 aliquid:
1452 1158 1458 1181 “

431 1385 511 1444 Nam
526 1399 611 1460 saepe
628 1385 701 1442 ante
717 1379 813 1440 deum
824 1372 1096 1440 vitulusdelubra
1111 1380 1229 1440 decora

430 1481 629 1541 Turicremas
645 1483 779 1558 propter
790 1481 948 1538 mactatus
965 1478 1107 1539 concidit
1117 1471 1204 1555 aras,
1249 1490 1251 1495 ’
1299 1505 1310 1515 ‘

431 1577 604 1658 Sanguinis
620 1579 790 1655 exspirans
803 1575 943 1635 calidum
956 1575 996 1635 de
1011 1581 1143 1654 pectore
1159 1576 1279 1637 flumen
1294 1565 1307 1652 ;’

431 1679 469 1737 At
480 1681 583 1738 mater
597 1668 717 1737 virides
732 1673 834 1735 saltus
845 1673 957 1734 orbata
971 1692 1151 1754 peragrans
1338 1749 1341 1754 Ι

433 1761 1227 1853 NoscithumipedibusvestigiapressabisulciS‚
1318 1785 1321 1788 ’

434 1863 549 1935 Omnia
564 1862 735 1934 convisens
749 1871 851 1932 oculis
866 1872 938 1932 loca
949 1873 975 1932 si
987 1877 1084 1951 queat
1099 1889 1237 1951 usquam

434 1973 625 2051 Conspicere
641 1971 797 2030 amissum
812 1969 925 2044 fetum,
938 1969 1143 2049 completque
1155 1970 1310 2049 querellis
1383 1999 1384 2003 =

434 2071 659 2131 Fronuiterum
675 2086 790 2146 nemus
802 2067 965 2128 absistens
979 2074 1010 2128 et
1019 2068 1140 2152 ¹crebra
1154 2069 1267 2150 reuisit

433 2169 481 2229 Ad
495 2169 669 2245 stabulum,
686 2167 848 2228 desiderio
864 2167 989 2251 perlixa
1001 2169 1146 2245 juvenci.

433 2271 496 2328 Nec
513 2272 633 2327 tenerae
650 2265 765 2326 salices
779 2269 876 2342 atque
891 2265 1000 2325 herbae
1016 2284 1089 2326 rore
1104 2266 1252 2345 vigentes

432 2365 642 2443 Fluminaque
658 2363 724 2423 ulla
736 2367 860 2440 queunt
875 2364 1011 2424 summis
1027 2363 1171 2425 labentia
1181 2364 1267 2442 ripis·

428 2463 601 2524 Oblectare
616 2463 760 2523 animum
774 2461 981 2540 subitamque
1003 2450 1150 2524 avertere
1164 2480 1286 2537 curam,
1354 2484 1358 2493 ·

431 2564 493 2621 Nec
507 2561 682 2622 vitulorum
702 2559 772 2644 aliae
788 2560 912 2638 species
927 2579 986 2641 per
1000 2560 1120 2639 pabula
1136 2560 1210 2622 laeta

431 2660 581 2736 Derivare
592 2662 714 2745 queunt
728 2659 873 2718 animum
886 2676 1029 2737 curaque
1044 2659 1153 2721 levare
1168 2680 1174 2720 :

431 2758 540 2836 Usque
551 2758 632 2818 adeo
644 2755 800 2834 quiddam
813 2757 980 2836 proprium
1003 2761 1184 2836 notumque
1197 2759 1334 2838 requirit
1350 2759 1406 2843 (l).

420 2957 604 3068 Ceterum,
637 2955 831 3054 censeamus
869 3005 914 3053 ne
937 2978 1066 3054 multo
1096 2981 1305 3056 molliorem
1334 2982 1406 3056 cle·

371 3107 667 3202 mentioremque
692 3130 779 3202 erga
804 3104 943 3212 bestias
975 3107 1140 3182 animum
1167 3085 1274 3183 nobis
1296 3125 1406 3204 quam

370 3232 531 3329 antiquis
570 3232 692 3306 inesse
722 3231 932 3330 opinemur.
950 3211 1102 3337 Ne'illa
1131 3231 1210 3328 lege
1242 3232 1405 3307 cuiGra-

370 3362 474 3431 mont
500 3358 635 3431 nomen
671 3357 785 3431 uenit
817 3357 928 3430 nimis
960 3356 1216 3454 superbiamus
1245 3358 1253 3429 l
1283 3335 1407 3456 Capite
1496 3370 1500 3378 '

371 3481 461 3555 olim
477 3477 674 3555 sanxerant
690 3482 721 3555 si
738 3481 821 3578 quis
847 3483 979 3556 bovem
1011 3482 1206 3557 occidisset
1225 3462 1289 3579 (2).
1309 3485 1404 3558 Vere

370 3630 523 3680 romana
542 3607 686 3708 esthaec
701 3607 880 3685 Varronis
894 3631 967 3681 vox
988 3632 997 3681 ε
1022 3640 1034 3674 α
1059 3609 1155 3684 Novi
1172 3610 1403 3706 majestatem
1511 3632 1513 3637 ’

367 3732 479 3808 boum
495 3738 555 3828 (3).
577 3763 594 3801 »
617 3734 691 3808 Nec
720 3735 843 3810 minus
875 3737 1127 3825 noverateam
1149 3716 1264 3812 Cato:
1290 3738 1403 3823 durus

272 3959 275 3965 .
367 3860 479 3933 homo
495 3859 644 3955 quidem
673 3884 714 3934 ac
734 3860 898 3957 priscus,
940 3863 1139 3958 quitemen
1162 3888 1404 3962 quaecumque
1515 3888 1516 3892 ’

403 4158 442 4230 (l)
454 4158 492 4226 ΙΙ,
509 4157 639 4215 35‘2-366.

403 4245 441 4319 (⁴2)
457 4250 528 4305 Rer.
542 4251 657 4304 Rustic.
677 4248 733 4317 lib„
744 4249 780 4320 ΙΙ,
793 4263 822 4318 v,
835 4252 849 4317 §
861 4251 887 4307 l.

415 4337 440 4408 3)
458 4335 531 4394 lbid.
587 4356 592 4363 ·
619 4359 622 4363 ·
