3262 5430
632 556 634 561 .
725 503 903 569 -al-

354 645 479 725 Saepius
494 650 525 705 et
538 644 631 705 tertis
647 644 871 722 penetralibus
887 644 1003 707 extulit
1015 663 1076 706 ova

353 746 534 824 Angustum
547 743 682 804 formica
697 748 807 804 terens
829 743 891 804 iter
904 741 951 822 (l)
964 759 971 815 ;

292 946 327 1016 et
340 963 477 1036 equum
498 936 573 1012 telo
594 936 786 1013 saucium:

351 1130 421 1201 Quo
445 1126 575 1205 sonipes
591 1126 657 1187 ictu
673 1125 752 1187 furit
763 1125 885 1187 arduus
900 1125 958 1206 (⁶2),

290 1347 440 1400 versum
455 1325 512 1397 hie
526 1330 588 1398 aut
607 1324 684 1397 illio
704 1322 983 1418 distinguendo,
1000 1323 1187 1420 Vergilius
1205 1325 1336 1422 depin-

292 1448 354 1543 git.
374 1451 413 1521 ln
433 1449 526 1523 hoe:
556 1479 572 1518 o
589 1448 762 1523 Curculio
782 1447 972 1544 ingentem
1002 1446 1205 1546 populatur
1223 1449 1334 1523 farris

291 1597 463 1649 acervum
480 1604 512 1664 a,
546 1573 640 1647 nihil
669 1573 803 1671 poetici
842 1597 924 1647 esse
952 1574 1159 1664 consessus,
1181 1573 1335 1671 adspice

193 1710 196 1713 “
292 1675 381 1793 quid
396 1699 494 1773 idem
511 1698 608 1796 apud
621 1696 729 1807 illum
747 1698 835 1770 fiat:

360 1922 421 1940 .....
439 1879 639 1958 populatque
652 1878 817 1957 ingentem
833 1876 929 1938 larris
944 1894 1096 1938 acervum

352 1975 500 2037 Curculio
511 1975 566 2056 (3).

291 2171 449 2267 Adspice
479 2177 533 2260 ut,
563 2172 713 2258 ardeam
751 2179 901 2268 repente
921 2170 1128 2245 evolantem
1161 2195 1204 2245 ee
1245 2195 1331 2245 mox

296 2320 362 2392 per
376 2320 462 2370 aera
489 2296 574 2370 latis
591 2296 661 2370 alis
681 2296 852 2370 libratam
869 2320 1129 2393 expressurus,
1144 2302 1227 2392 post
1248 2297 1333 2370 decss

185 2412 194 2418 ”
293 2419 411 2516 tylum
432 2419 571 2494 ineidat
591 2445 753 2509 versum,
771 2420 966 2518 primoque
982 2409 1066 2519 pedi
1101 2419 1331 2517 reliquorum

292 2543 536 2639 tranquillum
550 2550 717 2620 tenorem
738 2551 901 2643 opponat
918 2569 926 2618 ε

862 2730 1021 2805 notasque
1034 2726 1169 2805 paludes

351 2820 487 2893 Deserit,
502 2826 600 2901 etque
616 2824 712 2884 altam
729 2841 829 2901 supra
843 2823 929 2883 volat
944 2823 1042 2884 ardea
1059 2824 1178 2884 nubem
1190 2822 1248 2904 (l).
1288 2844 1289 2848 ¹

292 3016 482 3091 Redeunte
515 3024 637 3092 autem
683 3019 750 3093 sub
788 3023 933 3091 noctem
957 3018 1203 3093 distentarum
1235 3018 1329 3092 lacte

282 3141 515 3237 ¹repellarum
535 3146 694 3240 agmine,
712 3169 731 3218 e
751 3143 874 3242 priore
893 3167 1004 3218 versu
1021 3143 1060 3218 in
1084 3142 1328 3240 posteriorem

245 3326 249 3332 .
293 3266 699 3361 spondeusredundat:
1412 3257 1415 3260 ‚

894 3485 1009 3505 .........
1028 3461 1169 3524 suosque
1292 3502 1294 3507 .

293 3533 295 3538 ’
353 3546 491 3617 Ducunt,
515 3546 549 3603 et
563 3538 703 3621 gravido'
713 3545 869 3621 superant
884 3541 938 3602 vix
951 3540 1050 3605 ubere
1060 3542 1159 3604 limen
1173 3541 1183 3620 t
1186 3542 1217 3623 5)
1344 3555 1348 3559 “

338 3739 392 3817 Ne
435 3684 690 3838 plura3¹quot
725 3738 989 3834 distinguendi
1024 3746 1087 3813 aut
1113 3741 1330 3816 modulandi

328 3977 366 4049 (t)
381 3976 416 4031 o.
433 3976 455 4044 1,
472 3973 600 4031 ere-seo.

326 4065 364 4136 (e)
380 4066 457 4119 nen.
478 4063 527 4129 xl,
544 4063 621 4118 aeu-

317 4154 363 4230 Δ(3)
378 4154 412 4209 o.
426 4154 450 4219 1,
468 4152 599 4208 lea-ree.

315 4240 362 4314 ul
379 4243 415 4298 e.
433 4242 456 4309 1,
478 4240 611 4299 eea-364.

326 4331 363 4404 (s)
383 4331 417 4386 e.
436 4331 488 4397 111,
505 4329 635 4386 ale-au.
