3262 5430
409 1397 411 1401 ‘
500 1386 961 1566 naumurum·

239 2019 344 2108 Cum,
362 2019 601 2093 urbanissimi
616 2018 1018 2117 eujusdam-scriptoris
1029 2019 1232 2105 laudationi

191 2143 359 2217 addictus
383 2144 447 2242 (l),
470 2145 565 2240 apud
587 2145 685 2217 viros
700 2143 929 2240 feminasque
943 2144 1233 2218 duodevicesimi

192 2268 314 2342 saculi
338 2273 464 2341 mente
484 2268 545 2342 diu
568 2274 731 2358 moratus
751 2268 834 2352 sim,
847 2268 953 2365 juvat
970 2293 989 2341 e
1009 2269 1235 2342 ratiocinan-

77 2482 82 2497 Χ
192 2394 283 2468 tium
297 2393 535 2467 societatead
557 2377 739 2490 simplicia
753 2394 928 2467 animalia
946 2394 1105 2467 transire
1126 2399 1236 2490 atque

192 2544 211 2592 e
229 2519 339 2593 lautis
354 2519 494 2594 aedibus
508 2519 545 2591 in
561 2542 669 2614 agros
690 2542 896 2616 erumpere.
954 2542 957 2547 ·

239 2647 314 2718 Nea
338 2645 473 2734 minus,
498 2645 631 2718 latinas
656 2645 797 2718 litteras
817 2645 970 2742 jamjam
1003 2645 1233 2736 relieturum,

139 2835 143 2842 .
191 2789 248 2839 me
262 2767 307 2839 ad
324 2765 526 2861 Vergilium
549 2765 739 2862 paulisper
759 2766 902 2860 regredi
931 2790 1087 2861 eumque
1113 2770 1236 2838 extre·

131 2896 134 2901 ’
191 2914 292 2963 mum
306 2891 408 2964 altari
418 2890 535 2987 juvat
557 2890 663 2980 Subit
678 2889 777 2963 enirn
794 2889 926 2985 saepius
941 2890 1118 2986 temporis
1136 2889 1233 2963 desi-

191 3013 349 3106 derium,
379 3038 450 3109 quo
477 3013 682 3109 discipulus
703 3017 787 3086 enm
809 3013 961 3109 diligere
985 3015 1076 3110 eoepi
1097 3019 1133 3085 et
1159 3037 1231 3108 quo

191 3136 382 3233 discipulis
406 3162 533 3211 rursus
553 3138 633 3235 ejus
659 3161 820 3211 amorem
853 3132 1080 3233 injiei'ebam5
1108 3162 1226 3238 neque

191 3262 236 3351 ab
251 3263 368 3336 amieo
384 3261 478 3334 elam
500 3262 689 3337 discedere
705 3263 820 3335 decet.

192 3390 195 3397 '
239 3386 422 3473 Ceterum,
441 3387 566 3483 ecquis
583 3411 687 3483 aequa
714 3387 837 3460 animo
858 3393 912 3460 tot
936 3387 1114 3484 opuscula
1130 3387 1227 3459 lerre

192 3517 325 3607 potest,
343 3512 475 3607 quibus
490 3512 663 3605 Germani
678 3511 881 3607 Vergilium
900 3512 1100 3598 lacessunt,
1123 3511 1229 3607 eique

189 3659 337 3709 omnem
374 3637 521 3710 laudem
544 3637 767 3710 inventionis
805 3638 997 3709 detrahere
1021 3637 1229 3709 conantur?

191 3739 1231 3859 Quodjamapndistosineonsuetudinemvenit.0mnia

193 3892 228 3959 et
243 3885 452 3959 Graeeorum
466 3892 501 3960 et
514 3888 725 3960 Latinorum
741 3886 876 3982 scripta
888 3886 1021 3981 quibus
1037 3885 1231 3958 aemulatus

192 4016 248 4084 est
275 4011 463 4100 aVossi0‚
495 4012 705 4107 Forbigero,
733 4011 933 4084 Ribheekie
965 4010 1119 4097 collecta
1150 4034 1232 4084 esse

167 4201 170 4206 .
193 4160 266 4210 non
283 4136 373 4209 satis
386 4143 463 4210 est:
480 4138 643 4209 scholam
664 4141 748 4208 ante
765 4136 933 4207 deserere
954 4134 1098 4220 nolunt,
1121 4158 1230 4228 quam

192 4261 264 4358 ipsi
280 4261 379 4334 edita
402 4261 496 4333 thesi
522 4261 601 4357 ejus
628 4260 776 4357 rapinas
800 4260 888 4332 eaelo
915 4242 1169 4349 ostenderunt.
1192 4260 1232 4331 ln

228 4455 265 4543 tl)
283 4463 421 4536 'Rivarol
439 4473 533 4526 These
558 4473 717 4542 presente'e
741 4474 758 4524 a
778 4473 806 4526 ta
835 4472 962 4526 Faculte'
988 4473 1041 4525 dea
1069 4473 1170 4525 lettres
1194 4473 1232 4524 de

195 4561 298 4614 Paria.
