3262 5430
714 516 933 616 -62-7.

345 662 425 722 Hinc
437 660 582 723 exaudiri
597 659 738 739 gemitus
753 658 874 735 iraeque
889 658 1020 719 leonum

268 805 271 808 >
345 761 458 822 Vincla
468 763 676 820 recusantum
691 762 722 817 et
738 774 809 816 sera
825 755 885 816 sub
903 742 997 817 nocte
1007 755 1193 828 rudentum,

344 859 555 938 saetigerique
570 875 643 916 sues
659 860 756 932 atque
770 856 802 912 in
815 854 1016 933 praesepibus
1028 853 1095 914 ursi

347 957 474 1028 Saevire,
492 975 529 1017 ac
540 956 653 1015 formae
670 971 861 1032 magnorum
877 953 1001 1036 ululare
1017 953 1168 1030 luporum
1179 949 1235 1031 (1).

252 1097 275 1190 ,¹
345 1113 406 1171 Per
420 1111 545 1171 noctem
561 1123 713 1170 resonare
723 1108 809 1187 lupis
825 1107 1025 1199 ululantibus
1040 1104 1202 1186 urbestii.
1291 1196 1294 1201 ·

177 1258 182 1264 ’
222 1267 230 1277 ’·
346 1263 384 1321 Et
398 1262 586 1322 veteremin
604 1260 679 1320 limo
693 1252 1117 1336 ranrececinerequerelam
1134 1256 1183 1337 (3).
1230 1305 1233 1309 .
1289 1317 1297 1331 ,

337 1461 411 1531 Nec
431 1481 536 1530 secus
553 1459 597 1528 de
619 1445 848 1552 dactylorum
866 1452 1163 1552 etspondeorum
1183 1423 1343 1532 delectu,

210 1690 212 1695 Ι
291 1585 338 1658 sit
358 1585 452 1672 laus,
469 1584 555 1656 dum
589 1583 712 1656 brevis
737 1584 803 1676 sit,
821 1585 867 1657 Ut
888 1584 985 1656 enim
1010 1572 1158 1676 Vergilii
1181 1602 1326 1665 versus,

293 1708 406 1793 habili
427 1707 632 1780 litterarum
658 1707 913 1798 consonantia,
934 1706 1097 1780 vicissim
1137 1723 1330 1777 susurrare
1374 1753 1376 1758 -
1446 1767 1455 1776 .

291 1839 353 1906 aut
369 1831 531 1920 sibilare,
549 1831 692 1904 ululare
709 1839 771 1905 aut
798 1829 965 1920 coenare,
1002 1831 1105 1928 queri
1139 1837 1202 1904 aut
1220 1829 1331 1912 irasci

292 1957 479 2046 videntur,
518 1958 568 2032 ita
599 1959 768 2033 brevium
801 1942 1069 2054 longarumque
1102 1956 1354 2053 syllabarum,

294 2107 363 2156 usu
384 2084 580 2157 subvolare
596 2091 658 2158 aut
679 2090 822 2181 reptare
838 2084 1022 2157 eos‘dicas
1041 2109 1048 2153 :

319 2234 321 2242 ,
356 2260 485 2321 Toliunt
501 2279 534 2320 se
551 2261 685 2336 celeres,
702 2256 999 2342 liquidumqueper
1019 2281 1095 2324 aera
1108 2206 1207 2340 lipsae
1233 2259 1245 2340 (
1266 2258 1289 2339 ).
1310 2305 1331 2320 ..

355 2359 393 2418 Et
405 2358 473 2418 sola
486 2359 518 2417 in
535 2360 619 2420 sicca
636 2361 746 2421 secum
758 2362 917 2440 spatiatur
928 2379 1030 2453 arena
1044 2360 1100 2440 (ὅ).
1173 2359 1177 2408 j
1206 2403 1208 2407 -

295 2545 411 2642 Magis
443 2552 565 2618 tamen
598 2548 914 2646 mirandumque
947 2555 1024 2622 arie
1041 2540 1239 2637 versuum.
1257 2568 1333 2637 mo-

295 2671 520 2744 dulationem
537 2673 679 2746 variare
698 2669 740 2746 -et
767 2700 897 2748 versus
917 2657 1110 2770 concidere
1129 2671 1332 2769 percellue·
1365 2655 1381 2712 J

296 2793 355 2866 rit.
375 2796 492 2890 Nunc,
532 2795 577 2866 ad
598 2797 867 2894 depingendam
896 2787 1193 2895 paveiaetaeavis
1220 2793 1333 2890 trepi·
1370 2831 1380 2856 ‹

299 2909 487 2993 dationem
503 2922 559 2994 vel
579 2924 840 3020 quadrigarum
859 2927 899 2999 in‘
916 2927 1001 2999 circi
1020 2915 1331 3023 puivereiugam,

297 3043 511 3142 imperfecta
547 3072 684 3121 casura
713 3075 841 3125 versus
869 3052 973 3147 quasi
1012 3050 1161 3124 anhelat
1204 3048 1333 3142 suique

299 3168 482 3264 impotens
513 3172 675 3266 rapitur:
785 3177 788 3181 ’

359 3347 473 3407 lnielix
487 3355 643 3455 sua‘tecta
657 3317 935 3432 supervolitaverit
950 3355 1079 3435 etism).-

336 3569 373 3641 (i)
387 3570 465 3629 Aen.
477 3571 544 3640 Vll,
561 3573 655 3632 15-18.

320 3658 373 3737 (2)
393 3659 428 3714 G.
447 3661 469 3726 i,
490 3660 553 3733 raa..

336 3748 372 3820 (3)
397 3749 434 3805 G.
467 3749 490 3818 1,
517 3750 578 3805 378.
597 3750 680 3807 Num
695 3753 870 3826 Vergilium
893 3753 1039 3812 i'bi‘ltrati
1056 3758 1244 3812 imitatorem
1264 3770 1336 3813 esua

242 3905 246 3914 .
301 3838 396 3905 dices,
408 3838 492 3910 quod
504 3839 619 3895 Aratus
635 3841 702 3897 haec
716 3846 877 3916 scripserit
890 3847 1034 3917 (niceam,
1051 3844 1114 3916 215)
1133 3859 1139 3900 τ

495 3944 616 4002 Airita
632 3944 656 4016 ἐξ
674 3945 770 4012 ὕδατος
785 3950 897 4025 πατέρες
914 3952 1013 4026 βοόωσι
1026 3949 1152 4025 *proptrer

336 4062 375 4134 (i)
390 4063 465 4118 Aen.
482 4062 532 4129 VI,
548 4063 611 4120 202.
670 4108 673 4112 .
734 4111 737 4114 .

337 4151 424 4223 (5)(ἱ.
441 4152 462 4219 l,
474 4150 535 4207 389.
550 4153 617 4208 Jam
630 4154 716 4210 Arati
727 4125 839 4216 versus
854 4155 892 4213 de
907 4155 1001 4212 ardea
1015 4152 1137 4218 rettuii;
1154 4150 1341 4224 quibuseol·
1409 4109 1415 4118 .

301 4242 373 4298 latis
394 4245 508 4298 iterum
524 4243 742 4314 comprobatur
753 4251 870 4317 quanto
885 4249 1024 4318 praestet
1039 4259 1090 4298 ars
1106 4238 1247 4312 Vergilii.
1270 4267 1275 4275 ·

338 4331 374 4404 (6)
387 4332 464 4422 Bum
478 4331 531 4398 VI,
546 4331 606 4409 81.Ι
