3262 5430
623 747 628 758 ,
747 677 924 743 -61-

311 820 410 911 bula,
435 819 499 892 sed
520 842 648 892 omues
669 819 780 892 etiam
797 816 1062 892 vocabulorum
1088 816 1220 891 litterae
1233 818 1346 893 inter-

246 971 247 975 *
312 947 400 1019 dum
418 944 643 1043 conspirant.
665 947 758 1018 Istos
789 942 938 1038 quidem
958 918 1127 1015 derideas
1157 942 1255 1033 licet,
1283 946 1345 1040 qui
1444 942 1446 946 ’
1514 987 1518 995 ι

312 1071 517 1145 incautum
538 1069 680 1143 aleudae
709 1074 772 1142 aut
792 1068 944 1140 merulae
976 1090 1071 1140 vano
1092 1069 1252 1161 quodam
1274 1093 1349 1142 ser·
1463 1108 1475 1137 t

313 1195 433 1269 monis
448 1194 584 1277 tinnitu
609 1193 831 1267 imitandum
851 1216 999 1266 omnem
1029 1193 1177 1289 operam
1216 1218 1347 1269 consu·

221 1318 224 1323 ’
312 1326 429 1410 munt,
458 1319 614 1415 aucupio
627 1318 869 1415 quamlllusis
893 1317 1067 1414 aptiores.
1096 1319 1129 1389 ls
1150 1341 1223 1391 non
1251 1291 1377 1392 deri·-

286 1504 289 1507 <
311 1446 454 1546 dendus
474 1443 536 1540 qui
552 1444 747 1518 scribendo
767 1443 885 1541 pictor
905 1443 1016 1517 simul
1040 1449 1076 1516 et
1103 1444 1275 1517 musicus.
1288 1445 1344 1531 fit,
1375 1458 1377 1462 ’

312 1571 374 1666 qui
404 1554 521 1666 ipsius
553 1570 672 1671 noctis
708 1569 1016 1644 silentia‘nescio
1048 1593 1120 1664 qua
1147 1569 1344 1647 uerborum
1443 1668 1446 1672 .

294 1696 505 1770 dulcedine
523 1695 678 1770 reddere
698 1695 796 1769 valet
813 1719 821 1768 :

368 1904 482 1965 Sidera
496 1908 611 1965 cuncta
626 1907 718 1964 notat
733 1903 830 1963 tacito
843 1901 986 1962 labentia
997 1901 1113 1962 caelo..
1135 1899 1193 1970 ill,
1271 1990 1274 1994 λ

369 2003 438 2062 Nox
453 2007 533 2076 erat,
546 2008 578 2063 et
589 2001 751 2080 placidum
764 1999 939 2078 carpebant
952 2002 1039 2060 fessa
1054 2015 1205 2076 soporem

246 2183 250 2190 ι
370 2101 510 2178 Corpora
524 2106 713 2178 perterras‚
731 2104 791 2160 etc.
805 2097 859 2179 (ἓ),
943 2171 946 2176 ¹
1222 2092 1226 2097 ”

311 2312 372 2409 qui
386 2314 558 2388 omnibus
580 2314 652 2388 luis
672 2313 843 2411 sensibus
861 2337 934 2386 una
962 2311 1204 2394 lenocinatur,
1239 2310 1344 2407 cujus
1417 2399 1420 2404 Ι

307 2437 469 2534 denique
488 2428 531 2512 in'
562 2439 787 2513 carminibus
824 2439 904 2536 ipsa
936 2437 1033 2511 ruris
1061 2459 1253 2509 murmura
1277 2433 1344 2508 tibi

278 2551 281 2556 ’
310 2564 540 2660 obstrepunt.
560 2567 789 2669 Revoceqtur
808 2587 894 2660 ergo
913 2563 951 2635 in
974 2562 1193 2635 memoriam
1214 2581 1343 2632 versus

181 2685 185 2692 ’
309 2711 400 2783 quos
414 2689 549 2763 totiens
570 2689 749 2786 magistri,
768 2688 893 2762 latinis
907 2687 1076 2761 Camenis
1086 2687 1183 2783 apud
1198 2709 1265 2759 nos
1280 2683 1342 2788 ad·
1379 2777 1382 2781 ,

230 2863 232 2867 ψ
307 2811 377 2916 huc
401 2813 631 2903 florentibus,
664 2812 938 2910 discipulorum·
961 2811 1188 2918 aemulationi
1211 2834 1349 2919 propo-j

308 2940 482 3012 suerunt!
917 2923 957 2940 ''

365 3128 445 3188 Hinc
457 3127 527 3207 tibi,
544 3147 616 3207 quae
640 3146 778 3206 semper,
794 3129 899 3189 ricino
914 3128 955 3188 ab
970 3104 1072 3188 limite
1089 3143 1192 3203 saepes
1242 3147 1248 3159 ·
1272 3113 1274 3116 ’

296 3239 298 3244 ·
365 3226 504 3304 Hyblaeis
520 3228 636 3305 apibus
653 3227 764 3287 ssorem
780 3227 915 3305 depasta
926 3225 1031 3286 salicti
1244 3309 1246 3314 ,

363 3325 453 3402 Saepe
469 3325 531 3385 levi
547 3344 697 3387 somnum
709 3326 858 3386 suadebit
874 3326 955 3385 inire
971 3341 1105 3384 susurro
1122 3321 1180 3401 (3).

363 3477 489 3539 Arduus
504 3479 545 3539 ad
556 3480 669 3553 solem,
687 3484 719 3539 et
733 3479 852 3556 linguis
866 3478 963 3538 micat
976 3496 1030 3538 ore
1046 3473 1207 3554 trisulcis(
1231 3473 1253 3554 ).

362 3630 463 3692 Sibila
476 3607 664 3706 lambebant
678 3631 796 3710 linguis
807 3629 1009 3691 vibrantibus
1024 3637 1082 3690 ora
1094 3627 1147 3709 (5).

362 3784 581 3863 Obscenaeque
597 3803 692 3847 canes
706 3779 965 3865 importunaeque
981 3784 1128 3844 volucres
1142 3780 1200 3861 (6).

338 4051 380 4124 (r)
394 4052 471 4107 Aen.
489 4052 542 4119 ur,
556 4054 619 4110 ors.

316 4141 469 4225 rouen
490 4142 541 4206 ru,
563 4141 690 4197 sar-rer.

338 4232 378 4305 (3)
394 4233 469 4288 nuo.
492 4232 515 4301 1,
537 4232 631 4288 53-55.

338 4321 373 4391 (r)
389 4322 425 4377 o.
438 4320 491 4387 ru,
512 4320 576 4375 aaa.

339 4409 376 4482 (a)
394 4409 470 4468 nen.
487 4411 525 4477 11,
542 4397 604 4466 au'.

338 4497 426 4569 (oio.
444 4497 466 4564 1,
483 4498 547 4560 aro.
668 4504 671 4512 ·
