3262 5430
700 1410 848 1496 unrur
878 1409 922 1481 rr
987 1357 992 1365 ’

563 1511 577 1546 4

263 1693 271 1704 ..
367 1635 437 1717 nuo
476 1622 642 1707 r'nuronrs
668 1657 829 1707 nrrnuru
854 1657 1040 1706 sumnum.
1070 1653 1257 1704 erumnam

342 1915 461 1992 Quum
475 1934 562 1984 vero
573 1911 652 2007 jam
665 1909 703 2004 in
724 1908 1100 2005 hacVergilianorum
1122 1906 1326 1981 carminum
1427 1987 1435 1997 ,

295 2036 555 2133 particulatam
572 2035 685 2108 multa
700 2034 917 2107 admiranda
936 2033 1200 2118 invenerimus,
1217 2036 1328 2105 restat

297 2165 336 2231 ut
362 2182 433 2253 qua
456 2157 617 2231 maxime
637 2181 705 2231 nos
725 2158 850 2232 omnia
869 2158 945 2230 haee
965 2144 1149 2231 delectent
1172 2156 1330 2253 explice-

294 2289 366 2357 tur.
390 2284 464 2355 Nec
484 2282 581 2355 enim
599 2282 719 2381 selum
735 2283 821 2380 quia
846 2282 1014 2380 pulchra,
1037 2282 1101 2356 sed
1118 2281 1228 2355 etiam
1246 2280 1332 2376 quia
1387 2370 1389 2372 q

258 2494 262 2499 ,
296 2409 462 2482 mortalis
493 2394 721 2483 condicionis
758 2409 942 2508 consortia
975 2394 1074 2493 sunt,
1109 2406 1327 2480 animalium
1402 2416 1405 2420 ’

292 2532 493 2606 laudationi
524 2532 696 2606 studuit:
739 2557 781 2606 ea
808 2509 1006 2606 et'me'reri
1047 2538 1082 2606 et
1125 2531 1264 2621 delere,
1288 2531 1327 2604 in

291 2681 417 2730 eorum
432 2656 541 2730 eorde
552 2650 675 2731 nescio
689 2658 775 2754 quid
787 2657 936 2731 humani
950 2657 1064 2731 latere
1075 2656 1328 2744 intellexerat,
1362 2715 1366 2721 .

290 2788 397 2877 atque
415 2789 451 2857 ul
468 2781 771 2877 intellegeremus
784 2783 928 2857 ellecit.
1064 2776 1068 2785 ’

340 2907 444 2995 Quod
460 2907 608 3003 quidem
622 2908 699 2994 alii,
725 2912 762 2980 ut
783 2911 864 2979 ante
891 2903 1126 2998 breviterque
1156 2903 1322 2999 praedixi,

288 3032 364 3129 jam
377 3038 631 3129 perceperant.
651 3031 732 3107 Non
745 3030 942 3127 quicquam
956 3028 994 3099 in
1011 3036 1177 3101 veterum
1199 3052 1328 3102 recen·
1397 3093 1400 3100 .

210 3157 212 3161 ’
292 3157 431 3231 tiumre
450 3159 642 3252 poetarum
673 3154 779 3227 libris
801 3155 867 3248 illa
893 3158 1045 3251 odyssea
1064 3155 1145 3229 loce
1167 3157 1222 3250 (l)
1248 3179 1330 3228 esse

291 3280 538 3356 miserabilius
552 3280 678 3367 credo,
701 3280 739 3352 in
760 3302 834 3375 quo¹
847 3280 850 3284 ’
864 3279 990 3354 reduci
1015 3280 1330 3378 Ulyssei'obviam

294 3432 406 3482 senex
427 3405 577 3502 quidam
591 3405 693 3479 canis
707 3411 770 3479 aut
788 3405 817 3479 it
832 3411 894 3479 aut
908 3400 967 3478 ire'
994 3411 1161 3479 cenatur.
1177 3405 1326 3479 Jacebat

184 3517 188 3521 ⁴
211 3529 215 3535 ’
293 3531 432 3605 scilicet
445 3531 482 3603 in
498 3531 599 3605 lumo
619 3532 751 3626 Argus
770 3517 977 3625 squalidus,
1001 3522 1201 3633 senectutis
1217 3555 1327 3605 causa
1407 3516 1412 3523 ⁴

291 3657 503 3747 derelictus,
520 3657 719 3752 auditoque
733 3681 861 3751 gressu
876 3655 1152 3734 advenientium
1166 3660 1276 3753 caput
1291 3662 1328 3729 et

291 3788 641 3858 auresarrexerat:
678 3780 858 3878 Ulyssem
882 3777 970 3854 vere
1004 3783 1193 3868 odoratus,
1227 3787 1328 3854 meta
1373 3880 1376 3885 ,
1460 3793 1463 3799 ’

291 3910 528 3985 caudaaures
545 3907 717 3979 demittit.
743 3908 785 3978 Et
814 3906 980 4004 UlysseS,
1013 3905 1176 3978 lacrimis
1197 3905 1326 3979 furtim

292 4034 445 4125 obortis,
461 4056 546 4105 eum
575 4019 767 4127 agnoseit:
802 4055 840 4104 se
864 4037 987 4120 lamen
1008 4030 1150 4103 nescire
1178 4030 1328 4123 simulat

293 4160 355 4256 qui
376 4160 422 4232 sit
438 4132 508 4231 iste
522 4137 636 4244 canis,
653 4156 855 4252 quaeritque
886 4157 931 4230 ab
949 4157 1228 4230 Eumaeouunc
1249 4177 1324 4228 me·

327 4421 370 4503 (l)¹
385 4427 480 4495 XVll,
495 4428 546 4485 291
563 4443 651 4500 seqq.
667 4425 712 4484 Ol.
727 4426 819 4504 etiarn
835 4442 914 4499 quos
927 4427 993 4498 jam
1012 4424 1183 4481 memoravi
1202 4421 1312 4493 depes
1369 4478 1373 4483 .

293 4521 373 4576 seris
393 4517 557 4593 enjusdam
577 4515 672 4590 pullis
687 4533 705 4572 a
724 4520 868 4589 serpente
885 4515 996 4575 decisis
1008 4529 1130 4570 versus.
