<?xml version="1.0" encoding="UTF-8"?>
<!DOCTYPE html PUBLIC "-//W3C//DTD XHTML 1.0 Transitional//EN"
    "http://www.w3.org/TR/xhtml1/DTD/xhtml1-transitional.dtd">
<html xmlns="http://www.w3.org/1999/xhtml" xml:lang="en" lang="en">
 <head>
  <title>
</title>
<meta http-equiv="Content-Type" content="text/html;charset=utf-8" />
  <meta name='ocr-system' content='tesseract 3.04.00' />
  <meta name='ocr-capabilities' content='ocr_page ocr_carea ocr_par ocr_line ocrx_word'/>
</head>
<body>
  <div class='ocr_page' id='page_1' title='image "./deanimalibusapu00bretgoog_0037.png"; bbox 0 0 3262 5430; ppageno 0'>
   <div class='ocr_carea' id='block_1_1' title="bbox 294 459 1460 720">
    <p class='ocr_par' dir='ltr' id='par_1_1' title="bbox 294 459 1460 720">
     <span class='ocr_line' id='line_1_1' title="bbox 717 459 1003 533; baseline 0.003 -1"><span class='ocrx_word' id='word_1_1' title='bbox 717 504 760 517; x_wconf 95' lang='lat'>-</span> <span class='ocrx_word' id='word_1_2' title='bbox 784 468 827 533; x_wconf 75' lang='lat'><strong>26</strong></span> <span class='ocrx_word' id='word_1_3' title='bbox 854 501 896 517; x_wconf 91' lang='lat'><em>-</em></span> <span class='ocrx_word' id='word_1_4' title='bbox 1000 459 1003 463; x_wconf 59' lang='grc'><strong>’</strong></span> 
     </span>
     <span class='ocr_line' id='line_1_2' title="bbox 294 607 1460 720; baseline 0.002 -38"><span class='ocrx_word' id='word_1_5' title='bbox 294 609 389 706; x_wconf 91' lang='lat' dir='ltr'><strong>apud</strong></span> <span class='ocrx_word' id='word_1_6' title='bbox 425 631 491 680; x_wconf 90' lang='lat' dir='ltr'><strong>nos</strong></span> <span class='ocrx_word' id='word_1_7' title='bbox 516 607 563 680; x_wconf 91' lang='lat' dir='ltr'><strong>sit</strong></span> <span class='ocrx_word' id='word_1_8' title='bbox 583 609 628 682; x_wconf 88' lang='lat' dir='ltr'><strong>dc</strong></span> <span class='ocrx_word' id='word_1_9' title='bbox 662 608 719 681; x_wconf 91' lang='lat' dir='ltr'><strong>his</strong></span> <span class='ocrx_word' id='word_1_10' title='bbox 739 609 893 682; x_wconf 87' lang='lat' dir='ltr'><strong>scientia</strong></span> <span class='ocrx_word' id='word_1_11' title='bbox 920 612 1091 705; x_wconf 82' lang='lat' dir='ltr'><strong>reputare</strong></span> <span class='ocrx_word' id='word_1_12' title='bbox 1121 609 1237 684; x_wconf 90' lang='lat' dir='ltr'><strong>decet.</strong></span> <span class='ocrx_word' id='word_1_13' title='bbox 1270 610 1334 684; x_wconf 87' lang='lat' dir='ltr'><strong>Sic</strong></span> <span class='ocrx_word' id='word_1_14' title='bbox 1456 715 1460 720; x_wconf 85' lang='lat'><em>.</em></span> 
     </span>
    </p>
   </div>
   <div class='ocr_carea' id='block_1_2' title="bbox 293 733 1331 957">
    <p class='ocr_par' dir='ltr' id='par_1_2' title="bbox 293 733 1331 957">
     <span class='ocr_line' id='line_1_3' title="bbox 294 733 1331 831; baseline 0.001 -23"><span class='ocrx_word' id='word_1_15' title='bbox 294 741 445 831; x_wconf 88' lang='lat' dir='ltr'><strong>apparet</strong></span> <span class='ocrx_word' id='word_1_16' title='bbox 463 733 567 807; x_wconf 89' lang='lat' dir='ltr'><strong>illum</strong></span> <span class='ocrx_word' id='word_1_17' title='bbox 590 735 719 826; x_wconf 89' lang='lat' dir='ltr'><strong>multa,</strong></span> <span class='ocrx_word' id='word_1_18' title='bbox 738 742 776 808; x_wconf 92' lang='lat' dir='ltr'><strong>ut</strong></span> <span class='ocrx_word' id='word_1_19' title='bbox 796 759 861 831; x_wconf 91' lang='lat' dir='ltr'><strong>pro</strong></span> <span class='ocrx_word' id='word_1_20' title='bbox 892 757 935 807; x_wconf 92' lang='lat' dir='ltr'><strong>eo</strong></span> <span class='ocrx_word' id='word_1_21' title='bbox 962 738 1142 830; x_wconf 82' lang='lat' dir='ltr'><strong>tempore,</strong></span> <span class='ocrx_word' id='word_1_22' title='bbox 1162 760 1245 810; x_wconf 88' lang='lat' dir='ltr'><strong>cum</strong></span> <span class='ocrx_word' id='word_1_23' title='bbox 1273 736 1331 809; x_wconf 85' lang='lat' dir='ltr'><strong>le-</strong></span> 
     </span>
     <span class='ocr_line' id='line_1_4' title="bbox 293 860 1209 957; baseline 0.002 -26"><span class='ocrx_word' id='word_1_24' title='bbox 293 860 427 955; x_wconf 85' lang='lat' dir='ltr'><strong>gendo,</strong></span> <span class='ocrx_word' id='word_1_25' title='bbox 442 865 519 933; x_wconf 90' lang='lat' dir='ltr'><strong>tum</strong></span> <span class='ocrx_word' id='word_1_26' title='bbox 537 860 722 934; x_wconf 89' lang='lat' dir='ltr'><strong>audiendo</strong></span> <span class='ocrx_word' id='word_1_27' title='bbox 737 861 1010 957; x_wconf 82' lang='lat' dir='ltr'><strong>spectandoque</strong></span> <span class='ocrx_word' id='word_1_28' title='bbox 1025 860 1209 934; x_wconf 86' lang='lat' dir='ltr'><strong>didicisse.</strong></span> 
     </span>
    </p>
   </div>
   <div class='ocr_carea' id='block_1_3' title="bbox 805 1099 901 1180">
    <p class='ocr_par' dir='ltr' id='par_1_3' title="bbox 805 1099 901 1180">
     <span class='ocr_line' id='line_1_5' title="bbox 805 1099 901 1180; baseline 0 -75"><span class='ocrx_word' id='word_1_29' title='bbox 805 1119 833 1180; x_wconf 40' lang='grc' dir='ltr'>ρ</span> <span class='ocrx_word' id='word_1_30' title='bbox 898 1099 901 1105; x_wconf 84' lang='grc'><strong>,</strong></span> 
     </span>
    </p>
   </div>
   <div class='ocr_carea' id='block_1_4' title="bbox 179 1373 1444 2730">
    <p class='ocr_par' dir='ltr' id='par_1_4' title="bbox 294 1373 1353 1722">
     <span class='ocr_line' id='line_1_6' title="bbox 341 1373 1353 1472; baseline 0.001 -26"><span class='ocrx_word' id='word_1_31' title='bbox 341 1373 429 1447; x_wconf 90' lang='lat' dir='ltr'><strong>Mihi</strong></span> <span class='ocrx_word' id='word_1_32' title='bbox 447 1375 595 1470; x_wconf 91' lang='lat' dir='ltr'><strong>quidem</strong></span> <span class='ocrx_word' id='word_1_33' title='bbox 611 1376 784 1449; x_wconf 88' lang='lat' dir='ltr'><strong>inanimo</strong></span> <span class='ocrx_word' id='word_1_34' title='bbox 798 1400 873 1449; x_wconf 91' lang='lat' dir='ltr'><strong>non</strong></span> <span class='ocrx_word' id='word_1_35' title='bbox 889 1381 944 1449; x_wconf 90' lang='lat' dir='ltr'><strong>est</strong></span> <span class='ocrx_word' id='word_1_36' title='bbox 960 1376 1011 1449; x_wconf 87' lang='lat' dir='ltr'><strong>ita</strong></span> <span class='ocrx_word' id='word_1_37' title='bbox 1025 1375 1229 1472; x_wconf 82' lang='lat' dir='ltr'><strong>Vergilium</strong></span> <span class='ocrx_word' id='word_1_38' title='bbox 1245 1398 1329 1448; x_wconf 91' lang='lat' dir='ltr'><strong>cum</strong></span> <span class='ocrx_word' id='word_1_39' title='bbox 1350 1462 1353 1467; x_wconf 19' lang='lat'><strong><em>³</em></strong></span> 
     </span>
     <span class='ocr_line' id='line_1_7' title="bbox 294 1480 1330 1597; baseline 0 -27"><span class='ocrx_word' id='word_1_40' title='bbox 294 1499 492 1572; x_wconf 73' lang='lat' dir='ltr'><strong>Aristotele</strong></span> <span class='ocrx_word' id='word_1_41' title='bbox 512 1523 553 1572; x_wconf 92' lang='lat' dir='ltr'><strong>ac</strong></span> <span class='ocrx_word' id='word_1_42' title='bbox 569 1480 732 1591; x_wconf 86' lang='lat' dir='ltr'><strong>Varrone</strong></span> <span class='ocrx_word' id='word_1_43' title='bbox 754 1501 920 1575; x_wconf 84' lang='lat' dir='ltr'><strong>conferre</strong></span> <span class='ocrx_word' id='word_1_44' title='bbox 934 1508 973 1574; x_wconf 93' lang='lat' dir='ltr'><strong>ut</strong></span> <span class='ocrx_word' id='word_1_45' title='bbox 988 1501 1145 1597; x_wconf 92' lang='lat' dir='ltr'><strong>singulis</strong></span> <span class='ocrx_word' id='word_1_46' title='bbox 1161 1498 1330 1574; x_wconf 85' lang='lat' dir='ltr'><strong>versibus</strong></span> 
     </span>
     <span class='ocr_line' id='line_1_8' title="bbox 294 1609 1332 1722; baseline 0.002 -26"><span class='ocrx_word' id='word_1_47' title='bbox 294 1629 474 1717; x_wconf 71' lang='lat' dir='ltr'><strong>Georgicon</strong></span> <span class='ocrx_word' id='word_1_48' title='bbox 507 1626 679 1722; x_wconf 90' lang='lat' dir='ltr'><strong>quicquid</strong></span> <span class='ocrx_word' id='word_1_49' title='bbox 701 1609 821 1699; x_wconf 88' lang='lat' dir='ltr'><strong>simile</strong></span> <span class='ocrx_word' id='word_1_50' title='bbox 855 1627 893 1699; x_wconf 93' lang='lat' dir='ltr'><strong>in</strong></span> <span class='ocrx_word' id='word_1_51' title='bbox 920 1626 1112 1722; x_wconf 88' lang='lat' dir='ltr'><strong>utriusque</strong></span> <span class='ocrx_word' id='word_1_52' title='bbox 1141 1626 1245 1699; x_wconf 89' lang='lat' dir='ltr'><strong>libris</strong></span> <span class='ocrx_word' id='word_1_53' title='bbox 1285 1624 1332 1698; x_wconf 92' lang='lat' dir='ltr'><strong>sit</strong></span> 
     </span>
    </p>

    <p class='ocr_par' dir='ltr' id='par_1_5' title="bbox 179 1751 1444 2730">
     <span class='ocr_line' id='line_1_9' title="bbox 265 1751 1444 1854; baseline -0.001 -31"><span class='ocrx_word' id='word_1_54' title='bbox 265 1828 271 1839; x_wconf 29' lang='lat'><strong>¹</strong></span> <span class='ocrx_word' id='word_1_55' title='bbox 294 1751 536 1825; x_wconf 82' lang='lat' dir='ltr'><strong>subscribam.</strong></span> <span class='ocrx_word' id='word_1_56' title='bbox 559 1752 663 1838; x_wconf 83' lang='lat' dir='ltr'><strong>Quod</strong></span> <span class='ocrx_word' id='word_1_57' title='bbox 686 1752 807 1840; x_wconf 80' lang='lat' dir='ltr'><strong>saciat,</strong></span> <span class='ocrx_word' id='word_1_58' title='bbox 824 1752 855 1824; x_wconf 92' lang='lat' dir='ltr'><strong>si</strong></span> <span class='ocrx_word' id='word_1_59' title='bbox 874 1752 956 1848; x_wconf 92' lang='lat' dir='ltr'><strong>quis</strong></span> <span class='ocrx_word' id='word_1_60' title='bbox 976 1751 1180 1848; x_wconf 84' lang='lat' dir='ltr'><strong>Vergilium</strong></span> <span class='ocrx_word' id='word_1_61' title='bbox 1202 1773 1331 1854; x_wconf 89' lang='lat' dir='ltr'><strong>rursus</strong></span> <span class='ocrx_word' id='word_1_62' title='bbox 1439 1795 1444 1800; x_wconf 89' lang='lat'><em>-</em></span> 
     </span>
     <span class='ocr_line' id='line_1_10' title="bbox 179 1875 1331 1973; baseline -0.001 -24"><span class='ocrx_word' id='word_1_63' title='bbox 179 1951 184 1957; x_wconf 78' lang='grc'>,</span> <span class='ocrx_word' id='word_1_64' title='bbox 293 1878 401 1949; x_wconf 88' lang='lat' dir='ltr'><strong>edere</strong></span> <span class='ocrx_word' id='word_1_65' title='bbox 420 1877 526 1966; x_wconf 83' lang='lat' dir='ltr'><strong>velil;</strong></span> <span class='ocrx_word' id='word_1_66' title='bbox 556 1877 684 1962; x_wconf 90' lang='lat' dir='ltr'><strong>immo,</strong></span> <span class='ocrx_word' id='word_1_67' title='bbox 709 1879 776 1950; x_wconf 90' lang='lat' dir='ltr'><strong>boc</strong></span> <span class='ocrx_word' id='word_1_68' title='bbox 805 1878 883 1973; x_wconf 90' lang='lat' dir='ltr'><strong>jam</strong></span> <span class='ocrx_word' id='word_1_69' title='bbox 908 1901 928 1949; x_wconf 94' lang='lat' dir='ltr'><strong>a</strong></span> <span class='ocrx_word' id='word_1_70' title='bbox 951 1877 1150 1973; x_wconf 90' lang='lat' dir='ltr'><strong>Forhigero</strong></span> <span class='ocrx_word' id='word_1_71' title='bbox 1174 1875 1331 1971; x_wconf 88' lang='lat' dir='ltr'><strong>aliisque</strong></span> 
     </span>
     <span class='ocr_line' id='line_1_11' title="bbox 294 2002 1332 2098; baseline 0 -24"><span class='ocrx_word' id='word_1_72' title='bbox 294 2004 369 2076; x_wconf 88' lang='lat' dir='ltr'><strong>fere</strong></span> <span class='ocrx_word' id='word_1_73' title='bbox 389 2002 591 2098; x_wconf 87' lang='lat' dir='ltr'><strong>perfectum</strong></span> <span class='ocrx_word' id='word_1_74' title='bbox 613 2009 681 2076; x_wconf 87' lang='lat' dir='ltr'><strong>est.</strong></span> <span class='ocrx_word' id='word_1_75' title='bbox 714 2005 1047 2078; x_wconf 82' lang='lat' dir='ltr'><strong>Commemoranda</strong></span> <span class='ocrx_word' id='word_1_76' title='bbox 1067 2009 1210 2078; x_wconf 90' lang='lat' dir='ltr'><strong>tantum</strong></span> <span class='ocrx_word' id='word_1_77' title='bbox 1244 2010 1332 2076; x_wconf 84' lang='lat' dir='ltr'><strong>sunt</strong></span> 
     </span>
     <span class='ocr_line' id='line_1_12' title="bbox 291 2128 1329 2227; baseline -0.001 -26"><span class='ocrx_word' id='word_1_78' title='bbox 291 2129 431 2224; x_wconf 80' lang='lat' dir='ltr'><strong>aliquot</strong></span> <span class='ocrx_word' id='word_1_79' title='bbox 451 2137 644 2224; x_wconf 66' lang='lat' dir='ltr'><strong>praecepta,</strong></span> <span class='ocrx_word' id='word_1_80' title='bbox 662 2130 793 2224; x_wconf 90' lang='lat' dir='ltr'><strong>quibus</strong></span> <span class='ocrx_word' id='word_1_81' title='bbox 809 2135 955 2227; x_wconf 91' lang='lat' dir='ltr'><strong>poetam</strong></span> <span class='ocrx_word' id='word_1_82' title='bbox 969 2155 1008 2203; x_wconf 92' lang='lat' dir='ltr'><strong>se</strong></span> <span class='ocrx_word' id='word_1_83' title='bbox 1029 2130 1222 2204; x_wconf 85' lang='lat' dir='ltr'><strong>doctorum</strong></span> <span class='ocrx_word' id='word_1_84' title='bbox 1238 2128 1329 2200; x_wconf 87' lang='lat' dir='ltr'><strong>viro·</strong></span> 
     </span>
     <span class='ocr_line' id='line_1_13' title="bbox 291 2249 1331 2353; baseline -0.001 -27"><span class='ocrx_word' id='word_1_85' title='bbox 291 2278 373 2327; x_wconf 90' lang='lat' dir='ltr'><strong>rum</strong></span> <span class='ocrx_word' id='word_1_86' title='bbox 414 2254 559 2351; x_wconf 89' lang='lat' dir='ltr'><strong>scriptis</strong></span> <span class='ocrx_word' id='word_1_87' title='bbox 580 2255 743 2329; x_wconf 89' lang='lat' dir='ltr'><strong>studiose</strong></span> <span class='ocrx_word' id='word_1_88' title='bbox 766 2255 1010 2353; x_wconf 89' lang='lat' dir='ltr'><strong>applicavisse</strong></span> <span class='ocrx_word' id='word_1_89' title='bbox 1039 2255 1201 2352; x_wconf 91' lang='lat' dir='ltr'><strong>primum</strong></span> <span class='ocrx_word' id='word_1_90' title='bbox 1234 2249 1331 2326; x_wconf 91' lang='lat' dir='ltr'><strong>com-</strong></span> 
     </span>
     <span class='ocr_line' id='line_1_14' title="bbox 291 2363 1212 2478; baseline 0 -26"><span class='ocrx_word' id='word_1_91' title='bbox 291 2380 481 2478; x_wconf 80' lang='lat' dir='ltr'><strong>probetur.</strong></span> <span class='ocrx_word' id='word_1_92' title='bbox 1209 2363 1212 2367; x_wconf 30' lang='lat'><strong>¹</strong></span> 
     </span>
     <span class='ocr_line' id='line_1_15' title="bbox 285 2505 1329 2604; baseline 0.001 -25"><span class='ocrx_word' id='word_1_93' title='bbox 285 2575 287 2579; x_wconf 13' lang='lat' dir='ltr'><strong>a</strong></span> <span class='ocrx_word' id='word_1_94' title='bbox 339 2507 391 2578; x_wconf 89' lang='lat' dir='ltr'><strong>De</strong></span> <span class='ocrx_word' id='word_1_95' title='bbox 428 2505 552 2579; x_wconf 86' lang='lat' dir='ltr'><strong>vitulis</strong></span> <span class='ocrx_word' id='word_1_96' title='bbox 579 2507 657 2604; x_wconf 90' lang='lat' dir='ltr'><strong>jam</strong></span> <span class='ocrx_word' id='word_1_97' title='bbox 686 2508 823 2581; x_wconf 88' lang='lat' dir='ltr'><strong>adultis</strong></span> <span class='ocrx_word' id='word_1_98' title='bbox 845 2510 891 2581; x_wconf 91' lang='lat' dir='ltr'><strong>ad</strong></span> <span class='ocrx_word' id='word_1_99' title='bbox 911 2533 1019 2583; x_wconf 91' lang='lat' dir='ltr'><strong>usum</strong></span> <span class='ocrx_word' id='word_1_100' title='bbox 1051 2513 1232 2604; x_wconf 82' lang='lat' dir='ltr'><strong>agrestem</strong></span> <span class='ocrx_word' id='word_1_101' title='bbox 1261 2508 1329 2582; x_wconf 87' lang='lat' dir='ltr'><strong>lor·</strong></span> 
     </span>
     <span class='ocr_line' id='line_1_16' title="bbox 291 2631 927 2730; baseline 0.003 -27"><span class='ocrx_word' id='word_1_102' title='bbox 291 2631 435 2705; x_wconf 90' lang='lat' dir='ltr'><strong>mandis</strong></span> <span class='ocrx_word' id='word_1_103' title='bbox 456 2631 640 2726; x_wconf 91' lang='lat' dir='ltr'><strong>Vergilius</strong></span> <span class='ocrx_word' id='word_1_104' title='bbox 661 2633 712 2704; x_wconf 88' lang='lat' dir='ltr'><strong>sic</strong></span> <span class='ocrx_word' id='word_1_105' title='bbox 739 2633 927 2730; x_wconf 86' lang='lat' dir='ltr'><strong>praecipit:</strong></span> 
     </span>
    </p>
   </div>
   <div class='ocr_carea' id='block_1_5' title="bbox 143 2857 1330 3629">
    <p class='ocr_par' dir='ltr' id='par_1_6' title="bbox 143 2857 1330 3629">
     <span class='ocr_line' id='line_1_17' title="bbox 143 2857 1135 2936; baseline 0.006 -19"><span class='ocrx_word' id='word_1_106' title='bbox 143 2881 148 2889; x_wconf 92' lang='lat'><strong>·</strong></span> <span class='ocrx_word' id='word_1_107' title='bbox 228 2904 232 2908; x_wconf 78' lang='grc'><em>.</em></span> <span class='ocrx_word' id='word_1_108' title='bbox 349 2862 391 2918; x_wconf 85' lang='lat' dir='ltr'><strong>Ac</strong></span> <span class='ocrx_word' id='word_1_109' title='bbox 407 2858 648 2936; x_wconf 84' lang='lat' dir='ltr'><strong>primumlaxos</strong></span> <span class='ocrx_word' id='word_1_110' title='bbox 664 2859 753 2918; x_wconf 89' lang='lat' dir='ltr'><strong>tenui</strong></span> <span class='ocrx_word' id='word_1_111' title='bbox 777 2857 815 2917; x_wconf 88' lang='lat' dir='ltr'><strong>de</strong></span> <span class='ocrx_word' id='word_1_112' title='bbox 829 2858 947 2918; x_wconf 90' lang='lat' dir='ltr'><strong>vimine</strong></span> <span class='ocrx_word' id='word_1_113' title='bbox 962 2859 1077 2920; x_wconf 91' lang='lat' dir='ltr'><strong>circlos</strong></span> <span class='ocrx_word' id='word_1_114' title='bbox 1129 2913 1135 2923; x_wconf 91' lang='lat'>.</span> 
     </span>
     <span class='ocr_line' id='line_1_18' title="bbox 291 2951 1099 3037; baseline 0.002 -21"><span class='ocrx_word' id='word_1_115' title='bbox 291 2951 294 2955; x_wconf 63' lang='grc'><strong><em>’</em></strong></span> <span class='ocrx_word' id='word_1_116' title='bbox 352 2953 472 3016; x_wconf 84' lang='lat' dir='ltr'><strong>Cervici</strong></span> <span class='ocrx_word' id='word_1_117' title='bbox 489 2956 664 3027; x_wconf 79' lang='lat' dir='ltr'><strong>subnectc3</strong></span> <span class='ocrx_word' id='word_1_118' title='bbox 682 2955 811 3031; x_wconf 83' lang='lat' dir='ltr'><strong>debinc,</strong></span> <span class='ocrx_word' id='word_1_119' title='bbox 827 2955 883 3037; x_wconf 86' lang='lat' dir='ltr'><strong>nbi</strong></span> <span class='ocrx_word' id='word_1_120' title='bbox 898 2955 1002 3017; x_wconf 86' lang='lat' dir='ltr'><strong>libera</strong></span> <span class='ocrx_word' id='word_1_121' title='bbox 1017 2958 1099 3018; x_wconf 91' lang='lat' dir='ltr'><strong>colla</strong></span> 
     </span>
     <span class='ocr_line' id='line_1_19' title="bbox 351 3053 1109 3132; baseline 0.003 -20"><span class='ocrx_word' id='word_1_122' title='bbox 351 3053 489 3112; x_wconf 84' lang='lat' dir='ltr'><strong>Servitio</strong></span> <span class='ocrx_word' id='word_1_123' title='bbox 506 3053 773 3130; x_wconf 79' lang='lat' dir='ltr'><strong>as&#39;suerint,ipsis</strong></span> <span class='ocrx_word' id='word_1_124' title='bbox 789 3071 805 3112; x_wconf 90' lang='lat' dir='ltr'><strong>e</strong></span> <span class='ocrx_word' id='word_1_125' title='bbox 822 3053 991 3131; x_wconf 85' lang='lat' dir='ltr'><strong>torquibus</strong></span> <span class='ocrx_word' id='word_1_126' title='bbox 1014 3061 1109 3132; x_wconf 90' lang='lat' dir='ltr'><strong>aptos</strong></span> 
     </span>
     <span class='ocr_line' id='line_1_20' title="bbox 309 3150 1203 3230; baseline 0.007 -21"><span class='ocrx_word' id='word_1_127' title='bbox 309 3218 311 3222; x_wconf 85' lang='lat'>.</span> <span class='ocrx_word' id='word_1_128' title='bbox 350 3151 366 3209; x_wconf 84' lang='lat' dir='ltr'>J</span> <span class='ocrx_word' id='word_1_129' title='bbox 371 3168 455 3227; x_wconf 88' lang='lat' dir='ltr'><strong>unge</strong></span> <span class='ocrx_word' id='word_1_130' title='bbox 471 3168 567 3227; x_wconf 87' lang='lat' dir='ltr'><strong>pares</strong></span> <span class='ocrx_word' id='word_1_131' title='bbox 583 3155 614 3210; x_wconf 92' lang='lat' dir='ltr'><strong>et</strong></span> <span class='ocrx_word' id='word_1_132' title='bbox 625 3168 703 3227; x_wconf 85' lang='lat' dir='ltr'><strong>coge</strong></span> <span class='ocrx_word' id='word_1_133' title='bbox 719 3150 855 3227; x_wconf 86' lang='lat' dir='ltr'><strong>gradum</strong></span> <span class='ocrx_word' id='word_1_134' title='bbox 869 3151 1016 3212; x_wconf 86' lang='lat' dir='ltr'><strong>conferre</strong></span> <span class='ocrx_word' id='word_1_135' title='bbox 1024 3151 1203 3230; x_wconf 78' lang='lat' dir='ltr'><strong>juvencos3</strong></span> 
     </span>
     <span class='ocr_line' id='line_1_21' title="bbox 350 3247 1111 3324; baseline 0.004 -18"><span class='ocrx_word' id='word_1_136' title='bbox 350 3249 453 3324; x_wconf 81' lang='lat' dir='ltr'><strong>Atque</strong></span> <span class='ocrx_word' id='word_1_137' title='bbox 467 3247 531 3305; x_wconf 91' lang='lat' dir='ltr'><strong>illis</strong></span> <span class='ocrx_word' id='word_1_138' title='bbox 543 3249 611 3322; x_wconf 73' lang='lat' dir='ltr'><strong>Jam</strong></span> <span class='ocrx_word' id='word_1_139' title='bbox 631 3265 715 3324; x_wconf 75' lang='lat' dir='ltr'><strong>saepe</strong></span> <span class='ocrx_word' id='word_1_140' title='bbox 727 3254 806 3307; x_wconf 86' lang='lat' dir='ltr'><strong>rotae</strong></span> <span class='ocrx_word' id='word_1_141' title='bbox 822 3248 981 3308; x_wconf 87' lang='lat' dir='ltr'><strong>ducantur</strong></span> <span class='ocrx_word' id='word_1_142' title='bbox 997 3249 1111 3309; x_wconf 87' lang='lat' dir='ltr'><strong>inanes</strong></span> 
     </span>
     <span class='ocr_line' id='line_1_22' title="bbox 302 3344 1330 3426; baseline 0.004 -22"><span class='ocrx_word' id='word_1_143' title='bbox 302 3352 303 3356; x_wconf 77' lang='grc'>’</span> <span class='ocrx_word' id='word_1_144' title='bbox 352 3347 412 3404; x_wconf 89' lang='lat' dir='ltr'><strong>Per</strong></span> <span class='ocrx_word' id='word_1_145' title='bbox 428 3350 547 3405; x_wconf 90' lang='lat' dir='ltr'><strong>terram</strong></span> <span class='ocrx_word' id='word_1_146' title='bbox 564 3350 595 3404; x_wconf 95' lang='lat' dir='ltr'><strong>et</strong></span> <span class='ocrx_word' id='word_1_147' title='bbox 607 3363 733 3405; x_wconf 91' lang='lat' dir='ltr'><strong>summo</strong></span> <span class='ocrx_word' id='word_1_148' title='bbox 753 3346 891 3424; x_wconf 85' lang='lat' dir='ltr'><strong>vestigia</strong></span> <span class='ocrx_word' id='word_1_149' title='bbox 905 3346 1037 3423; x_wconf 84' lang='lat' dir='ltr'><strong>pulv’cre</strong></span> <span class='ocrx_word' id='word_1_150' title='bbox 1054 3348 1185 3426; x_wconf 87' lang='lat' dir='ltr'><strong>signent</strong></span> <span class='ocrx_word' id='word_1_151' title='bbox 1203 3367 1210 3421; x_wconf 88' lang='lat'>;</span> <span class='ocrx_word' id='word_1_152' title='bbox 1325 3344 1330 3351; x_wconf 79' lang='lat'>&#39;</span> 
     </span>
     <span class='ocr_line' id='line_1_23' title="bbox 352 3441 1128 3522; baseline 0.005 -21"><span class='ocrx_word' id='word_1_153' title='bbox 352 3444 428 3502; x_wconf 90' lang='lat' dir='ltr'><strong>Post</strong></span> <span class='ocrx_word' id='word_1_154' title='bbox 440 3441 546 3501; x_wconf 87' lang='lat' dir='ltr'><strong>valido</strong></span> <span class='ocrx_word' id='word_1_155' title='bbox 563 3443 670 3502; x_wconf 84' lang='lat' dir='ltr'><strong>nitens</strong></span> <span class='ocrx_word' id='word_1_156' title='bbox 681 3444 741 3502; x_wconf 91' lang='lat' dir='ltr'><strong>sub</strong></span> <span class='ocrx_word' id='word_1_157' title='bbox 757 3443 901 3520; x_wconf 88' lang='lat' dir='ltr'><strong>pondere</strong></span> <span class='ocrx_word' id='word_1_158' title='bbox 912 3445 1042 3522; x_wconf 87' lang='lat' dir='ltr'><strong>faginus</strong></span> <span class='ocrx_word' id='word_1_159' title='bbox 1057 3446 1128 3505; x_wconf 89' lang='lat' dir='ltr'><strong>axis</strong></span> 
     </span>
     <span class='ocr_line' id='line_1_24' title="bbox 351 3539 1321 3629; baseline 0.007 -31"><span class='ocrx_word' id='word_1_160' title='bbox 351 3541 514 3629; x_wconf 18' lang='lat' dir='ltr'><strong>lunstrepat</strong></span> <span class='ocrx_word' id='word_1_161' title='bbox 529 3546 560 3598; x_wconf 92' lang='lat' dir='ltr'><strong>et</strong></span> <span class='ocrx_word' id='word_1_162' title='bbox 567 3539 697 3616; x_wconf 89' lang='lat' dir='ltr'><strong>junctos</strong></span> <span class='ocrx_word' id='word_1_163' title='bbox 712 3547 796 3600; x_wconf 90' lang='lat' dir='ltr'><strong>terno</strong></span> <span class='ocrx_word' id='word_1_164' title='bbox 810 3542 916 3602; x_wconf 86' lang='lat' dir='ltr'><strong>trahat</strong></span> <span class='ocrx_word' id='word_1_165' title='bbox 929 3561 1032 3602; x_wconf 71' lang='lat' dir='ltr'><strong>aereus</strong></span> <span class='ocrx_word' id='word_1_166' title='bbox 1045 3542 1160 3623; x_wconf 86' lang='lat' dir='ltr'><strong>orbes(</strong></span> <span class='ocrx_word' id='word_1_167' title='bbox 1182 3547 1204 3622; x_wconf 72' lang='lat' dir='ltr'><strong>l.</strong></span> <span class='ocrx_word' id='word_1_168' title='bbox 1232 3588 1234 3597; x_wconf 89' lang='lat'><em>.</em></span> <span class='ocrx_word' id='word_1_169' title='bbox 1319 3557 1321 3561; x_wconf 86' lang='grc'><strong><em>·</em></strong></span> 
     </span>
    </p>
   </div>
   <div class='ocr_carea' id='block_1_6' title="bbox 234 3755 1335 4125">
    <p class='ocr_par' dir='ltr' id='par_1_7' title="bbox 234 3755 1335 4125">
     <span class='ocr_line' id='line_1_25' title="bbox 342 3755 1333 3847; baseline 0.002 -4"><span class='ocrx_word' id='word_1_170' title='bbox 342 3773 431 3844; x_wconf 88' lang='lat' dir='ltr'><strong>Fere</strong></span> <span class='ocrx_word' id='word_1_171' title='bbox 452 3771 550 3845; x_wconf 90' lang='lat' dir='ltr'><strong>idern</strong></span> <span class='ocrx_word' id='word_1_172' title='bbox 570 3779 626 3846; x_wconf 92' lang='lat' dir='ltr'><strong>est</strong></span> <span class='ocrx_word' id='word_1_173' title='bbox 642 3773 817 3846; x_wconf 89' lang='lat' dir='ltr'><strong>Varronis</strong></span> <span class='ocrx_word' id='word_1_174' title='bbox 835 3797 956 3847; x_wconf 89' lang='lat' dir='ltr'><strong>sermo</strong></span> <span class='ocrx_word' id='word_1_175' title='bbox 976 3801 983 3844; x_wconf 78' lang='grc' dir='ltr'>ι</span> <span class='ocrx_word' id='word_1_176' title='bbox 1010 3801 1026 3842; x_wconf 79' lang='lat' dir='ltr'><strong>u</strong></span> <span class='ocrx_word' id='word_1_177' title='bbox 1044 3755 1218 3846; x_wconf 87' lang='lat' dir='ltr'><strong>Novellos</strong></span> <span class='ocrx_word' id='word_1_178' title='bbox 1248 3775 1333 3847; x_wconf 93' lang='lat' dir='ltr'><strong>cum</strong></span> 
     </span>
     <span class='ocr_line' id='line_1_26' title="bbox 234 3896 1333 3994; baseline 0 -24"><span class='ocrx_word' id='word_1_179' title='bbox 234 3931 236 3934; x_wconf 50' lang='lat'>&gt;</span> <span class='ocrx_word' id='word_1_180' title='bbox 296 3897 379 3991; x_wconf 90' lang='lat' dir='ltr'><strong>quis</strong></span> <span class='ocrx_word' id='word_1_181' title='bbox 400 3897 531 3970; x_wconf 88' lang='lat' dir='ltr'><strong>emerit</strong></span> <span class='ocrx_word' id='word_1_182' title='bbox 551 3899 745 3994; x_wconf 83' lang='lat' dir='ltr'><strong>juvencos,</strong></span> <span class='ocrx_word' id='word_1_183' title='bbox 764 3898 794 3970; x_wconf 91' lang='lat' dir='ltr'><strong>si</strong></span> <span class='ocrx_word' id='word_1_184' title='bbox 809 3921 936 3971; x_wconf 89' lang='lat' dir='ltr'><strong>eorum</strong></span> <span class='ocrx_word' id='word_1_185' title='bbox 949 3896 1043 3970; x_wconf 94' lang='lat' dir='ltr'><strong>colla</strong></span> <span class='ocrx_word' id='word_1_186' title='bbox 1060 3898 1096 3969; x_wconf 91' lang='lat' dir='ltr'><strong>in</strong></span> <span class='ocrx_word' id='word_1_187' title='bbox 1110 3897 1232 3970; x_wconf 84' lang='lat' dir='ltr'><strong>furcas</strong></span> <span class='ocrx_word' id='word_1_188' title='bbox 1251 3898 1333 3970; x_wconf 88' lang='lat' dir='ltr'><strong>des·</strong></span> 
     </span>
     <span class='ocr_line' id='line_1_27' title="bbox 291 4021 1335 4125; baseline 0.005 -31"><span class='ocrx_word' id='word_1_189' title='bbox 291 4021 424 4095; x_wconf 67' lang='lat' dir='ltr'><strong>⁴titutas</strong></span> <span class='ocrx_word' id='word_1_190' title='bbox 444 4022 636 4097; x_wconf 84' lang='lat' dir='ltr'><strong>incluserit</strong></span> <span class='ocrx_word' id='word_1_191' title='bbox 655 4047 697 4096; x_wconf 86' lang='lat' dir='ltr'><strong>ac</strong></span> <span class='ocrx_word' id='word_1_192' title='bbox 730 4022 872 4101; x_wconf 88' lang='lat' dir='ltr'><strong>dederit</strong></span> <span class='ocrx_word' id='word_1_193' title='bbox 891 4021 1027 4112; x_wconf 89' lang='lat' dir='ltr'><strong>cibum,</strong></span> <span class='ocrx_word' id='word_1_194' title='bbox 1054 4021 1197 4117; x_wconf 86' lang='lat' dir='ltr'><strong>diebus·</strong></span> <span class='ocrx_word' id='word_1_195' title='bbox 1210 4021 1335 4125; x_wconf 83' lang='lat' dir='ltr'><strong>paucis</strong></span> 
     </span>
    </p>
   </div>
   <div class='ocr_carea' id='block_1_7' title="bbox 337 4283 640 4359">
    <p class='ocr_par' dir='ltr' id='par_1_8' title="bbox 337 4283 640 4359">
     <span class='ocr_line' id='line_1_28' title="bbox 337 4283 640 4359; baseline 0.02 -22"><span class='ocrx_word' id='word_1_196' title='bbox 337 4283 376 4359; x_wconf 84' lang='lat' dir='ltr'><strong>(l)</strong></span> <span class='ocrx_word' id='word_1_197' title='bbox 392 4284 427 4341; x_wconf 86' lang='lat' dir='ltr'><strong>G.</strong></span> <span class='ocrx_word' id='word_1_198' title='bbox 444 4284 497 4352; x_wconf 91' lang='lat' dir='ltr'><strong>lll,</strong></span> <span class='ocrx_word' id='word_1_199' title='bbox 515 4286 640 4351; x_wconf 73' lang='lat' dir='ltr'><strong>loo-173,</strong></span> 
     </span>
    </p>
   </div>
   <div class='ocr_carea' id='block_1_8' title="bbox 0 0 1637 5430">
    <p class='ocr_par' dir='ltr' id='par_1_9' title="bbox 0 0 1637 5430">
     <span class='ocr_line' id='line_1_29' title="bbox 0 0 1637 5430; baseline 0 0"><span class='ocrx_word' id='word_1_200' title='bbox 0 0 1637 5430; x_wconf 95' lang='lat' dir='ltr'><strong> </strong></span> 
     </span>
    </p>
   </div>
  </div>
 </body>
</html>
