3262 5430
725 495 986 587 -nau,
1105 437 1140 577 ’,

294 661 403 732 quam
423 645 584 712 mentem
600 638 748 728 laudat-3
777 643 911 735 quanta
931 637 979 729 sil
997 637 1071 710 sere
1084 635 1254 711 'omnium
1270 639 1332 712 bo·
1395 614 1404 701 s

292 762 403 851 nima,
419 767 556 858 quanta
569 761 737 836 omnium
750 762 914 850 miseria,
926 785 994 835 nos
1011 761 1198 851 admonet,
1216 762 1332 854 itaut,

293 887 466 961 omnibus
501 911 713 961 succurrere
734 893 797 962 aut
816 887 949 961 saltem
968 909 1117 982 parcere
1133 889 1333 964 discamus.

342 1008 380 1082 Si
401 1032 473 1105 qua
491 1008 604 1105 igitur
616 1009 654 1083 in
668 1010 907 1105 sequentibus
922 1009 1079 1098 seculis,
1098 1009 1241 1083 minore
1257 1004 1337 1106 'qui-
1438 1011 1439 1014 ’

265 1162 268 1167 ·
293 1136 377 1209 dem
391 1141 454 1209 aut
464 1134 780 1228 omninossdiversa
792 1141 870 1209 arte
886 1135 1035 1231 scripta,
1054 1156 1165 1231 opera
1185 1132 1336 1245 exstite-

293 1265 395 1349 runt,
416 1261 551 1356 quibus
571 1269 633 1337 aut
651 1263 736 1337 bovi
761 1263 1004 1338 contumelias
1023 1261 1261 1356 laboremque
1281 1261 1335 1331 in·

286 1384 431 1482 justum
448 1387 580 1461 serenti
596 1389 660 1484 tl),
680 1394 743 1463 aut
769 1390 930 1464 cruciato
950 1412 971 1461 a
990 1385 1113 1484 pueris
1132 1384 1262 1458 buloni
1276 1383 1333 1483 (2),

231 1554 234 1558 -
292 1514 355 1582 aut
368 1510 551 1585 trucidato
568 1512 840 1588 avenatoribus
854 1512 941 1609 lupo
959 1510 1017 1608 (3),
1032 1517 1096 1585 aut
1115 1511 1196 1584 cani
1218 1509 1336 1583 domi-

292 1659 381 1708 num
402 1635 631 1711 desideranti
659 1641 721 1737 (l),
750 1644 813 1712 aut
833 1637 997 1711 conlecto
1022 1641 1129 1710 aetate
1152 1657 1247 1730 equo
1275 1637 1285 1734 (
1310 1633 1334 1731 ),

293 1766 355 1834 aut
376 1761 541 1836 minimis
561 1763 691 1838 avibus
711 1763 937 1859 insectisque
952 1761 1177 1836 animalibus
1197 1761 1247 1857 (6)
1267 1760 1336 1832 ho·

293 1885 984 1978 minummisericordiaconciliaretur,
997 1913 1055 1962 res
1068 1886 1337 1962 dubitationem

201 2019 205 2033 ¹
292 2013 510 2087 nonhabet:
535 2013 593 2086 bic
608 2019 664 2087 est
682 2012 875 2109 vergiliani
896 2012 1050 2108 aliquid.

341 2138 507 2211 Eo'enim
524 2144 689 2236 tempore
703 2162 776 2234 quo
790 2138 1071 2236 exspectabatur
1086 2137 1186 2212 illius
1202 2139 1336 2212 adven-

291 2267 352 2336 tus
379 2263 442 2358 qui
469 2264 637 2338 homines
663 2265 795 2339 fraires
825 2288 906 2338 esse
936 2263 1101 2338 dicturus
1129 2287 1266 2359 eosque
1295 2270 1336 2338 ut

292 2394 421 2462 mutuo
449 2413 574 2463 amore
596 2390 842 2486 jungeremur
871 2390 1084 2463 hortaturus
1116 2395 1206 2479 erat,
1241 2385 1334 2458 alios

293 2537 375 2586 esse
409 2514 517 2587 nobis
551 2515 702 2605 iratres,
739 2514 967 2588 humillimos
998 2514 1159 2610 quidem,
1203 2514 1334 2586 fratres

292 2643 429 2728 tamen,
452 2639 641 2736 ¹Vergilius
668 2639 870 2714 dictitabat.
904 2641 948 2712 Et
974 2664 1072 2713 nunc
1094 2639 1174 2736 ejus
1195 2637 1333 2711 umbrae

293 2780 360 2863 p‘er
373 2764 517 2862 Elysios
536 2789 685 2862 campos
701 2768 881 2863 evaganti,
905 2789 988 2839 cum
1004 2766 1137 2854 Lauso,
1159 2762 1332 2860 Euryalo,

294 2889 489 2986 Eurydice,
517 2887 673 2961 Camilla
699 2889 904 2983 ceterisque
930 2886 1083 2961 comites
1104 2890 1192 2960 eunt
1223 2887 1333 2972 tauri,

297 3014 457 3113 capellae,
483 3036 584 3110 apes,
603 3012 728 3086 omnia
748 3015 905 3109 denique
925 3012 1101 3086 animalia
1114 3037 1194 3108 quae
1209 3012 1246 3086 in
1260 3037 1335 3087 suae

296 3140 423 3236 gloriae
443 3140 741 3214 communionem
756 3140 917 3238 aceepit:

358 3330 421 3389 Nec
433 3334 464 3389 te
473 3328 626 3406 paeniteat
637 3329 777 3407 pecoriS,⁴
792 3328 900 3389 divine
912 3335 1010 3408 poeta
1023 3329 1030 3387 t

221 3580 223 3584 .
334 3524 373 3599 (1)
390 3524 434 3581 Of.
448 3525 585 3598 Palissy:
607 3528 650 3581 La
665 3528 791 3596 Recepta
805 3527 963 3583 veritable.

334 3614 371 3685 (tt
386 3613 425 3672 V.
440 3615 549 3686 Hugo:
566 3618 607 3671 Le
623 3618 778 3685 Orapaud.

333 3704 371 3777 (3)
387 3705 423 3759 Α.
439 3703 477 3760 de
489 3705 595 3778 Vigny
609 3722 616 3762 :
630 3707 674 3760 La
689 3706 770 3760 Mort
790 3707 833 3759 du
848 3707 950 3774 Loup.¹

333 3793 371 3865 (4)
388 3795 565 3850 hamartine
582 3809 589 3849 :
604 3794 730 3864 Jocclya
739 3813 748 3857 ;
764 3793 931 3850 Neuvieme
943 3793 1084 3870 llpoque.

334 3882 372 3955 (5)
386 3882 506 3938 Toletoi
523 3902 529 3939 :
546 3885 683 3938 Histoire
699 3883 774 3937 d’ua
789 3886 911 3939 Gheoat⁴
923 3883 969 3940 cf.
986 3886 1079 3940 etiam
1095 3881 1133 3937 de
1148 3897 1229 3954 equa
1245 3881 1339 3937 Frou-

298 3972 377 4038 frou,
394 3977 484 4028 Anna
504 3974 672 4042 Karenine,
695 3973 797 4040 taem
814 3971 852 4029 de
873 3973 1014 4044 longaeva
1034 3989 1110 4028 cane
1137 3972 1243 4040 Laelia,
1263 3975 1339 4029 ibid.

298 4062 320 4128 I,
338 4060 398 4127 1703
412 4061 510 4128 Item
523 4061 580 4137 ;·de
596 4061 738 4132 longaevo
751 4078 828 4117 cane
846 4061 980 4134 Rougai,
993 4063 1037 4118 La
1047 4062 1164 4117 Guerre
1175 4067 1203 4117 ct
1215 4063 1337 4129 taPaix‚

300 4150 339 4220 ll,
355 4149 464 4206 85-103.

336 4239 374 4313 (6)
392 4238 536 4295 Michelet
552 4255 560 4296 z
578 4239 725 4296 L'Oiseaa
734 4258 744 4304 ;
759 4240 922 4299 L’Iasectc.
