3262 5430
756 683 1001 748 -85-.

331 844 334 847 ’
373 826 428 898 Ad
464 825 748 899 dilectissimum
786 824 894 897 illum
928 822 972 895 de
1009 821 1198 919 praesagiis
1235 820 1357 892 locum

224 1009 226 1011 .
326 950 698 1038 tandemveniamus,
721 949 759 1023 in
782 972 853 1044 quo
878 949 1046 1036 Aratum,
1076 955 1114 1021 ut
1146 947 1357 1044 criticorum
1455 1038 1458 1044 Ι
1507 1026 1511 1032 ,

257 1137 261 1142 .
326 1072 381 1150 est
401 1099 537 1166 sermo,
558 1076 723 1149 imitatus
740 1078 820 1180 est.
854 1074 927 1146 Nec
944 1071 1046 1147 nulla
1066 1064 1122 1148 est
1151 1072 1274 1170 hujus
1297 1062 1358 1167 qui

263 1267 266 1271 .
325 1203 503 1304 Διοσημεῑα
521 1199 751 1289 inscribitur,
767 1180 850 1272 libri
868 1222 951 1272 cum
964 1195 1104 1270 'annuis
1129 1197 1233 1270 tastis
1254 1195 1356 1271 simi·

325 1326 455 1416 litudo,
472 1325 605 1421 quibus
618 1325 705 1399 boni
719 1323 888 1426 agricolae
903 1348 982 1419 quae
1002 1323 1124 1397 sutura
1135 1312 1191 1396 {sit
1204 1336 1360 1419 sequen·-

322 1451 370 1524 tis
391 1450 464 1524 diei
485 1454 685 1547 tempestas
702 1449 888 1546 inquirere
905 1448 1039 1522 solent.
1061 1448 1142 1521 Non
1163 1446 1261 1543 quod
1275 1446 1380 1525 socie·

301 1570 510 1650 -bendi'ars
531 1580 592 1650 aut
613 1574 813 1673 agrestium
830 1597 954 1647 rerum
985 1573 1087 1668 lepos
1105 1571 1150 1643 >ei
1186 1570 1357 1644 deficiat:

286 1788 291 1798 ‚
324 1701 645 1807 de'hirundinibus
662 1724 845 1775 summam
862 1705 1131 1794 aquamvcntre
1145 1695 1362 1795 radentibus

321 1834 384 1902 'eut
400 1829 443 1901 de
456 1828 575 1901 bobus
586 1832 707 1900 erecto
721 1823 839 1922 capite
855 1846 940 1897 aera
955 1822 1186 1919 captantibus
1198 1846 1211 1918 J
1219 1812 1363 1894 ucunda
1415 1824 1420 1832 '

272 1952 276 1957 ’
322 1953 461 2026 mentio
496 1952 538 2024 fit
567 1951 630 2042 (t).
651 1953 735 2025 Haec
768 1973 856 2026 vero
894 1946 1153 2050 Theophrasti,
1171 1951 1210 2020 ut
1243 1943 1356 2019 totius

322 2077 495 2150 carminis
527 2076 692 2165 materia,
716 2068 832 2156 sunta
869 2056 949 2146 neo'
965 2073 1010 2146 ab
1036 2071 1117 2169 ipso
1154 2073 1265 2144 Arato
1294 2067 1356 2163 qui

322 2200 411 2272 urbe
432 2199 614 2295 domoque
634 2197 798 2270 inclusus
813 2184 838 2291 't'
870 2184 1023 2291 trerum
1057 2198 1227 2266 naturam
1247 2216 1356 2266 cane·

319 2325 394 2410 bat,
411 2315 526 2397 divini
545 2321 641 2397 ruris
659 2321 813 2418 gloriam
848 2326 991 2394 auctam
1020 2341 1101 2390 esse
1134 2316 1357 2413 sperandum

288 2450 388 2535 zest.
416 2445 484 2519 Vel
516 2445 682 2534 minima,
701 2447 834 2546 quibus
862 2445 951 2518 olim
981 2443 1099 2516 aerias
1123 2442 1221 2515 vices
1243 2441 1363 2538 signi·¹

319 2569 421 2644 ficari
437 2571 669 2661 credebatur,
699 2571 816 2644 multa
836 2567 1044 2644 eruditione
1064 2566 1358 2641 autcredulitate

317 2690 530 2788 recognovit
554 2691 796 2789 versibusque
827 2691 1021 2765 exornavit
1037 2692 1117 2789 (3);
1162 2692 1226 2765 sed
1253 2690 1357 2784 signa
1413 2694 1420 2774 J

320 2817 443 2890 omnia
462 2817 554 2891 odeo
575 2816 723 2891 miscuit
750 2822 788 2890 ut
808 2813 874 2890 eos'
892 2816 1123 2890 miserandos
1140 2820 1274 2913 putem
1293 2813 1356 2908 qui

319 2942 517 3016 crastinum
534 2947 790 3039 tempestatem
804 2945 849 3016 ab
863 2967 905 3017 co
925 2944 1066 3016 discere
1081 2941 1211 3016 velint.
1228 2938 1356 3012 Timeo

248 3160 252 3169 ·
322 3146 683 3225 quemquem-aee.

349 3234 386 3309 (t)
402 3235 447 3292 cf.
467 3237 576 3305 Oouat,
593 3234 637 3291 La
652 3236 759 3293 Pde'sie
775 3239 996 3306 Alexandriae,
1012 3254 1042 3311 p.
1059 3238 1105 3296 46.

350 3323 531 3396 (3),Διοσημ.,
546 3324 598 3380 400
613 3341 681 3397 sqq.

277 3425 281 3433 ’
455 3418 539 3475 Ἀλλὰ
558 3421 609 3496 γὰρ
619 3420 688 3476 ”adde
699 3404 768 3495 pte<
783 3408 934 3498 teaptqocec
950 3421 1042 3478 εἶ’ποτε
1057 3407 1160 3497 μᾶλλον

461 3507 553 3564 Εὔδιοι
567 3508 739 3585 ἐσκίρτησαν,
755 3509 873 3574 ἐοίκοτες
889 3511 1088 3587 ὀρχηθμοῖσιν,

457 3599 605 3655 ’Άσκεπτοι
620 3597 742 3676 ἐγένοντο
757 3597 946 3674 παλαιοτέροις
960 3599 1114 3674 ἀνθρώποις
1132 3621 1138 3634 ·

458 3685 525 3741 Οὐδὲ
539 3688 636 3749 κύνες·
653 3689 698 3743 καὶ
713 3689 765 3763 γάρ7
778 3709 807 3743 τε
822 3688 893 3743 κύων
909 3688 1030 3763 ὠρύξατο
1044 3691 1139 3745 nocebo
1231 3744 1233 3748 ,

457 3776 638 3854 Αμφοτέροις,
654 3783 793 3854 χειμῶνος
808 3775 1005 3854 ἐπερχομένοιο
1022 3777 1152 3837 δοκεύων.
1226 3806 1229 3812 ·
1346 3852 1349 3858 Ι

350 3876 572 3933 AtMorschius
589 3896 595 3933 ε
614 3898 628 3929 «
644 3876 888 3949 Vergilius,-ait,
902 3877 1052 3934 nonnulla
1068 3882 1269 3950 prognostica
1290 3882 1355 3934 sine

262 4027 266 4036 ,
315 3983 411 4026 cauea
434 3970 605 4038 contraque
632 3982 737 4023 rerum
762 3968 928 4022 veritatem
949 3969 1093 4037 variavit,
1110 3960 1211 4041 itaut
1226 3967 1356 4023 alteram

267 4130 270 4135 .
316 4061 436 4126 partem
452 4058 677 4130 praesagiorum
693 4055 888 4128 quarundam
920 4059 1024 4110 avium
1038 4059 1238 4128 exprimeret
1259 4053 1357 4111 altera

315 4132 470 4215 neglecta,
487 4143 652 4199 ardeerum
668 4146 870 4216 prognostica
891 4143 930 4199 ad
954 4135 1089 4215 mergos,
1109 4142 1355 4199 monedularum
1410 4128 1433 4137 ”’

230 4244 233 4250 ·
315 4233 352 4288 ed
368 4249 479 4288 corvos
490 4231 661 4288 adhiberet.
683 4253 695 4283 c
714 4252 747 4275 ·-
761 4232 890 4306 Nempe,
908 4238 943 4289 ut
966 4232 1122 4306 Morschio
1136 4232 1280 4304 placeret,
1302 4231 1356 4290 dc-

315 4324 409 4380 bebat
427 4323 584 4395 Vergilius
595 4322 721 4377 ardeam
734 4329 797 4395 pro'
811 4339 868 4378 ave
880 4326 999 4390 marina
1012 4324 1138 4380 hebere.
1154 4322 1357 4378 blirorMors-

314 4415 421 4496 chium
433 4415 498 4469 'non
514 4418 661 4485 questum
674 4415 745 4467 esee
769 4406 853 4484 quod
883 4413 1032 4470 saltantes
1053 4429 1158 4469 mures
1173 4413 1357 4487 poetanomi·

318 4508 401 4561 serit.
472 4556 474 4560 a
