3262 5430
699 538 897 604 -lle-

273 707 467 789 personam
494 685 666 774 induunt,
690 684 956 778 hominumque
976 684 1142 759 habitum
1175 690 1219 757 et
1236 709 1311 759 ser-

205 806 208 813 ’
273 824 422 884 monem
442 809 658 884 imitantur:
677 808 735 882 leo
755 810 793 882 in
813 810 898 883 aule
913 817 1042 905 regnet
1056 816 1104 898 et,
1120 810 1217 907 lupis
1231 811 1310 884 vul-

272 934 455 1031 pibusque
491 934 766 1032 plaudentibus,
806 935 1017 1009 contionem
1052 935 1174 1017 habet.
1215 936 1310 1023 Quid

175 1052 178 1057 ’
272 1063 422 1155 posteat
444 1061 667 1158 Saepissime,
693 1088 795 1137 more
815 1064 983 1160 Vergilii,
1000 1039 1108 1160 poete
1130 1065 1307 1139 uniuscu-
1383 1082 1386 1089 '

176 1174 179 1183 ’
272 1186 403 1281 jusque
437 1187 564 1260 bestiae
589 1189 733 1263 vultum
763 1195 981 1286 gestumque
1008 1191 1164 1283 reddere
1196 1195 1305 1287 atque
1366 1241 1369 1249 -

272 1313 470 1405 agrestium
485 1312 650 1387 locorum
665 1316 817 1391 odorem
838 1323 871 1391 et
892 1316 1053 1390 colorem
1069 1302 1307 1412 descriptioni
1334 1390 1337 1395 ,
1370 1336 1374 1347 ’

271 1436 466 1510 infundere
486 1439 675 1534 percellet.
703 1441 763 1513 Sic
778 1441 887 1528 esini,
911 1441 1022 1529 simii,
1052 1442 1182 1526 eatuli.
1201 1441 1305 1515 cuni-

254 1542 358 1650 culi,
387 1562 539 1659 leperiS,
573 1564 768 1654 mustellae‚
798 1591 908 1654 rena,
945 1547 1087 1655 culicis,
1117 1566 1307 1663 pullorum
1395 1612 1400 1619 ·

271 1688 309 1760 in
334 1688 421 1761 nide
450 1680 588 1762 nectum
621 1690 857 1764 stridentium
892 1690 1124 1765 verissimam
1159 1692 1306 1788 spiren·
1371 1774 1374 1779 ,
1442 1706 1445 1710 “

270 1813 418 1905 temque
445 1806 642 1901 imaginem
667 1809 807 1903 passim
828 1808 997 1883 effinxit:
1021 1811 1072 1882 sic
1096 1809 1308 1904 longipedis

270 1932 389 2003 erdem
412 1930 598 2022 incessum
619 1938 655 2004 et
680 1932 841 2011 bibentis
855 1933 1035 2007 columbae
1065 1933 1221 2029 gretiam
1238 1933 1308 2005 im-

270 2038 489 2159 mortalibus
508 2056 676 2128 versibus
697 2056 895 2153 expressit.

314 2182 362 2253 At
382 2205 491 2275 quam
518 2180 693 2253 dissimili
713 2181 826 2254 enimi
840 2182 972 2254 ellectu
988 2181 1191 2259 Fontenius
1213 2180 1307 2253 Ver·
1392 2156 1397 2178 ’

269 2304 452 2401 giliusque
477 2306 524 2377 ed
560 2305 699 2379 bestias
726 2286 992 2379 accesseruntl
1030 2307 1168 2402 Nempe
1201 2307 1304 2377 Fon-

95 2450 117 2477 ·'
163 2442 196 2505 ſs
269 2431 390 2505 lenius
406 2430 687 2525 comicieliquid
708 2430 747 2502 in
762 2455 888 2504 earum
903 2431 1070 2505 moribus
1084 2429 1306 2526 ingenioque

270 2580 351 2647 esse
371 2561 405 2629 et
423 2557 577 2629 decelat
597 2557 763 2629 docende
784 2562 983 2630 recreatur.
1002 2557 1107 2632 Haud
1131 2556 1303 2650 equidem

269 2684 465 2771 contende,
503 2682 566 2784 qui
599 2683 814 2756 scarabeum
850 2706 917 2779 pre
952 2682 1074 2755 ricino
1113 2664 1329 2774 amiceque-

270 2811 438 2884 cunicule
457 2810 593 2906 junctis
613 2810 783 2883 manibus
803 2810 984 2906 flexisque
1005 2808 1159 2906 genibus
1173 2806 1306 2902 aquilae

271 2936 554 3032 supplicantem,
573 2944 609 3009 et
623 2934 837 3008 columbum
858 2935 981 3008 lretris
1010 2934 1194 3006 desiderio
1219 2955 1311 3005 cen·v
1399 2951 1426 2966 ²
1465 2946 1468 2951 ⁴

269 3070 472 3156 sumptum,
495 3067 530 3134 et
548 3063 734 3156 perdicem
753 3063 798 3134 ed
827 3061 1028 3135 servandos
1055 3059 1176 3155 pullos
1196 3081 1303 3129 vene-

267 3186 359 3260 toris
371 3182 546 3283 cenisque
560 3189 679 3260 mines
691 3188 729 3260 in
746 3212 785 3260 se
800 3184 919 3283 ipsam
934 3191 1137 3258 vertentem
1155 3183 1300 3271 cecinit,

268 3310 313 3383 ab
327 3333 369 3382 ea
383 3310 592 3406 ignoratum
605 3312 859 3407 neglectumve
879 3335 960 3383 esse
981 3308 1198 3382 animalium
1220 3315 1301 3402 pecss
1329 3304 1334 3319 '

266 3440 340 3508 tus.
362 3436 603 3530 Frequentius
642 3443 765 3509 tamen
787 3437 911 3509 lacetae
940 3459 1070 3508 eorum
1090 3431 1300 3518 calliditati,
1363 3531 1367 3537 ι
1460 3419 1465 3428 ’

264 3561 403 3633 facetus
417 3559 510 3656 ipse,
527 3560 675 3634 leudem
687 3561 830 3634 tribuit.
846 3562 920 3633 Nec
934 3559 1063 3655 vulpes
1078 3559 1188 3631 meda
1205 3562 1302 3657 apud
1339 3556 1344 3577 “

264 3685 372 3760 illum
405 3693 554 3759 versute
591 3694 628 3760 et
662 3686 854 3782 ingeniosa
875 3713 882 3757 :
906 3687 977 3758 huc
1012 3685 1114 3771 edes,
1138 3686 1300 3783 exempli

263 3835 385 3901 causa,
400 3810 528 3884 felium
543 3809 809 3898 illustrissima,
829 3836 908 3907 quae
922 3816 1001 3884 tum
1018 3835 1039 3882 a
1057 3809 1176 3905 tigne,
1198 3835 1301 3883 mer-

263 3941 363 4010 tuam
402 3937 565 4025 mentita,
596 3939 770 4035 pendere,
808 3943 887 4011 tum
913 3937 1032 4010 larine
1072 3937 1329 4031 respersain
1431 3992 1435 3999 .

262 4061 437 4136 larinarie
467 4063 600 4136 horreo
645 4062 814 4137 insidiari
843 4061 1116 4135 consueveras!
1147 4061 1293 4155 Tuque,

262 4212 344 4262 mus
385 4189 562 4283 lengaeve,
597 4214 720 4285 quem,
761 4189 877 4262 caude
915 4187 1063 4281 quidem
1097 4187 1297 4281 pugnando

261 4311 612 4404 emissatruncum,
654 4313 771 4387 multa
803 4318 923 4386 eutem
954 4311 1043 4385 belli
1071 4310 1300 4407 experientia
