3262 5430
580 767 583 775 ’
686 766 898 853 ’-83-
1008 820 1010 823 -

353 933 451 990 Nocte
468 946 566 1006 super
582 928 725 991 media...
742 928 752 1008 (
778 928 799 1008 ).

676 1069 837 1090 ............
857 1025 934 1087 lude
948 1022 1017 1101 lupi
1032 1040 1091 1083 eeu

353 1112 511 1204 Raptores
526 1130 597 1186 atra
610 1125 643 1200 in
659 1125 778 1186 nebula
793 1142 875 1203 quos
891 1119 1039 1201 improbe
1055 1121 1178 1181 ventris

354 1224 467 1304 Exegit
482 1242 584 1285 caecos
599 1223 745 1286 rabies...
764 1221 773 1304 (
798 1222 819 1304 ).

341 1419 537 1507 Quidvero
552 1421 596 1494 de
607 1424 750 1493 Aeneide
766 1419 898 1516 loquor
916 1419 930 1489 i
948 1417 1003 1490 Ad
1017 1420 1178 1510 Georptcn
1196 1417 1330 1494 iterum

292 1550 400 1640 atque
416 1546 550 1619 iterum
571 1546 847 1637 revertendum.
869 1541 935 1616 Hic
951 1565 1024 1616 non
1045 1541 1142 1616 ruris
1164 1548 1228 1617 aut
1248 1542 1330 1618 lito·
1395 1588 1396 1591 π

293 1671 344 1744 ris
373 1680 437 1745 aut
464 1670 689 1746 incultarum
720 1666 912 1766 regionum
947 1667 1121 1741 animalia
1148 1691 1167 1740 e
1197 1661 1356 1742 mediis

292 1797 401 1889 rebus
421 1796 616 1887 abstracta,
635 1796 700 1869 sed
714 1793 826 1882 villae,
854 1816 1003 1890 pascua,
1035 1791 1203 1891 paludes>
1222 1795 1333 1868 maris

291 1916 412 2007 litora,
436 1918 595 2007 deserta,
619 1916 742 1991 omnia
755 1913 917 2011 'denique
936 1914 1017 1987 loca
1032 1937 1115 1987 cum
1132 1909 1213 1990 suis¹
1222 1916 1341 1991 simul·

292 2040 500 2138 hospitibus
534 2022 735 2138 appareut;
758 2038 817 2113 hic
849 2063 946 2113 nunc
970 2062 1168 2141 vernarum
1188 2040 1332 2116 dierum

292 2168 470 2257 suavitas,
497 2172 533 2241 et
564 2166 621 2240 illi
641 2165 775 2262 quibus
804 2165 1026 2239 definiendis
1046 2167 1199 2241 verbum
1229 2166 1333 2242 deest

292 2267 524 2388 agrorumac
545 2290 724 2365 silvarum
745 2290 892 2397 odores,
926 2315 1024 2364 nunc
1057 2290 1189 2365 hiemis
1212 2292 1333 2389 pallor

292 2417 515 2513 tristitiaque
535 2416 656 2490 intusa
691 2421 778 2489 sunt
808 2420 844 2488 et
878 2414 1079 2527 legentium
1099 2416 1224 2491 animo
1245 2403 1332 2492 irre·

293 2549 396 2640 punt.
413 2544 529 2631 Quam
543 2541 665 2639 lepide
684 2565 795 2638 apum
808 2541 929 2615 'labori
942 2545 978 2614 et
993 2540 1111 2614 tloridi
1128 2543 1225 2617 horti
1240 2544 1333 2619 hali·
1426 2608 1428 2612 ,

292 2672 371 2743 tum
385 2674 421 2743 et
434 2668 636 2756 rivulorum
652 2673 886 2761 susurroset
905 2665 1082 2772 pellucidi
1097 2669 1193 2743 aeris
1214 2669 1334 2744 riden-

292 2791 413 2888 tisque
449 2793 528 2874 caeli
561 2792 797 2875 dulcedinem
820 2794 1167 2899 accommodaverit,
1197 2795 1334 2881 reterre

292 2917 354 2991 vix
369 2943 518 2992 necesse
535 2923 590 2992 est
605 2945 615 3007 ς
638 2916 730 2991 nihil
759 2941 927 3013 usquam,
945 2919 1027 2994 ⁴nisi
1043 2921 1332 3018 Aristophaneus
1434 2918 1437 2923 ’

293 3043 473 3140 quosdam
494 3043 627 3117 choros
640 3042 907 3148 recordaberis,
930 3069 996 3141 par
1016 3045 1191 3142 reperies.

342 3169 431 3273 Nec,
447 3170 571 3255 crede,
590 3166 668 3242 ulla
678 3166 751 3239 alia
764 3190 803 3240 re
813 3166 930 3263 magis
941 3171 1197 3267 quodcumque
1211 3151 1346 3253 imita·¹

292 3294 399 3369 betur
414 3318 521 3368 suum
534 3292 631 3367 tecit.
648 3293 735 3380 Quae
748 3291 847 3379 enim
862 3291 925 3365 alii
936 3292 1046 3367 inerti
1056 3297 1333 3372 enumeratione

294 3423 555 3517 exposuerant,
577 3417 615 3490 in
629 3416 792 3509 tabulam
810 3398 1010 3514 composite
1026 3419 1159 3516 pictam
1181 3446 1332 3506 conver-

287 3526 349 3617 tit.
373 3546 429 3617 An
450 3544 512 3639 qui
531 3542 717 3640 pingendo
732 3540 862 3615 silvam
877 3542 967 3616 mihi
981 3552 1232 3642 representat,
1251 3549 1330 3645 ejus

214 3749 217 3754 ,
294 3669 356 3765 qui
373 3670 475 3772 silvae
495 3669 645 3770 arbores
669 3667 928 3758 dinumeravit,
960 3673 1114 3746 aemulus
1141 3675 1330 3772 appellan-

293 3796 362 3868 dus
377 3795 625 3869 estPDixerat
651 3791 801 3888 quidem
829 3794 946 3868 Varro
958 3820 970 3870 :.
992 3827 1008 3864 «
1038 3800 1222 3899 AEstate...
1245 3825 1328 3876 cum

292 3921 412 4009 prima
438 3921 520 3994 luce
551 3923 686 4010 exeunt
709 3923 868 4014 pastum,
897 3928 1091 4019 propterea
1124 3927 1222 4021 quod
1243 3933 1329 4028 tunc

292 4049 405 4122 herba
424 4047 571 4122 ruscida
589 4045 845 4136 meridianam,
869 4070 948 4141 quae
967 4038 1023 4122 est
1037 4053 1186 4146 aridior,
1202 4057 1329 4133 iucun-

291 4175 406 4248 ditate
444 4177 606 4270 praestat.
639 4171 722 4266 Sole
751 4177 879 4245 exorto
912 4180 1039 4269 potum
1067 4162 1325 4278 propellunt..'.

292 4298 445 4372 Circiter
459 4296 685 4370 meridianos
704 4300 832 4385 aestus,
863 4297 951 4370 dum
971 4301 1236 4401 defervescent,
1260 4316 1328 4388 sub

329 4522 366 4594 (r)
382 4522 457 4577 nen.
473 4521 522 4590 rx,
538 4503 631 4608 aesser.

329 4611 455 4684 (acen.
473 4611 511 4677 u,
525 4608 655 4666 cae-aar.
673 4617 676 4622 ·
