3262 5430
636 671 843 739 >-uo-

185 897 190 905 ἦ
230 874 232 881 ,
358 811 516 902 Zephyris
530 807 1050 895 primurnimpellentibusundaS‚

281 912 373 970 Ante
389 911 481 970 novis
494 912 633 971 rubeant
648 930 744 989 quam
760 917 854 988 prata
869 910 1044 982 coloribus,
1060 915 1135 970 aute
1233 993 1237 1006 .

291 1007 427 1068 Garrula
442 1025 541 1087 quam
556 1010 655 1089 tignis
669 1010 781 1098 nidum
793 1007 975 1086 suspendat
991 1007 1131 1068 hirundo
1141 1006 1198 1087 (l).

202 1204 336 1277 -Haud
357 1213 494 1279 temere
521 1205 580 1278 hic
612 1205 850 1279 hirundinem
884 1206 1068 1301 garrulam
1102 1209 1270 1278 vocatam
1354 1283 1356 1286 ,

116 1341 130 1366 ·“
232 1351 313 1401 esse
332 1317 529 1404 testabitur
550 1330 717 1426 quisquis
733 1354 815 1402 vere
837 1353 931 1403 novo
949 1328 1164 1404 hirundines
1183 1342 1287 1402 cou-'

122 1444 139 1511 ἶ
233 1453 420 1536 struendis
432 1454 530 1528 nidis
544 1454 710 1527 intentas·
723 1444 953 1551 spectaverit.
973 1456 1079 1541 Nam,
1099 1453 1169 1527 etsi
1187 1453 1270 1526 aliis

124 1600 130 1609 ·
235 1602 380 1674 quoque
408 1580 637 1676 temporibus
663 1579 841 1674 garriunt,
862 1588 949 1653 tunc
963 1580 1135 1670 maxime,
1159 1601 1272 1682 quum

235 1710 402 1777 materno
429 1705 549 1778 officio
570 1704 776 1810 excitantur
802 1710 837 1777 et
858 1705 995 1787 circum
1026 1711 1120 1777 tecta
1147 1706 1273 1776 nostra

235 1827 403 1918 volitant,
419 1828 592 1925 loquaces
605 1821 844 1901 fierisolent:
864 1827 1111 1901 laborantium
1127 1826 1196 1899 alis
1213 1851 1273 1900 vo-

110 1957 118 1972 '
236 1951 413 2048 cibusque
432 1956 564 2051 strepit
574 1944 695 2027 omnis
717 1954 817 2026 villa.

281 2076 462 2171 Talpasne
498 2079 607 2150 etiam
634 2080 671 2150 in
697 2078 812 2173 pratis
835 2077 964 2150 obvios
994 2076 1196 2172 adspexisti
1214 2061 1273 2150 ll]

237 2210 415 2295 quantum
438 2202 580 2274 levibus
598 2202 730 2298 palmis
756 2209 790 2274 et
812 2225 902 2274 uaso
929 2206 1154 2297 properauit
1178 2180 1294 2275 Naso

237 2349 382 2422 nempe,
406 2326 510 2421 quasi
532 2327 607 2399 sint
629 2326 727 2413 caeci,
750 2327 788 2398 in
809 2334 946 2400 terram
963 2316 1086 2400 ruunt.
1110 2328 1273 2414 Quorum

194 2461 219 2534 ᾗ
237 2451 422 2547 trepidum
438 2474 625 2529 accaecum
640 2452 804 2526 lahorem
821 2453 985 2550 perlecto
995 2453 1146 2551 Vergilii
1164 2464 1275 2525 versu

238 2562 442 2649 videretihi
463 2568 629 2649 videris:
694 2568 696 2572 ’

298 2763 360 2823 hut
372 2763 474 2823 oculis
489 2764 572 2841 capti
586 2763 695 2824 lodere
708 2763 826 2824 cubilia
837 2762 930 2842 talpae
946 2764 956 2844 (
981 2777 1004 2842 ).

239 2960 331 3048 Quid
347 2960 454 3055 plura
473 2960 580 3034 ‘lHos
591 2984 721 3034 versus
742 2959 877 3033 relerre
892 2960 981 3033 satis
1004 2960 1071 3033 sit:

298 3142 362 3200 Nec
378 3146 487 3202 tamen
498 3143 624 3203 interea
636 3161 753 3216 raucae,
771 3148 828 3204 tua
844 3161 931 3214 cura,
949 3144 1131 3221 palumbes,

182 3318 186 3326 ¹
254 3264 256 3269 ·
296 3241 359 3299 Neo
377 3258 506 3319 gernere
519 3243 607 3303 aeria
618 3242 758 3303 cessabit
770 3247 876 3303 turtur
891 3241 931 3301 ah
954 3242 1040 3302 ulmo
1056 3241 1141 3321 (3)...

186 3397 190 3402 .
268 3343 272 3350 '
299 3339 413 3418 Urgeri
426 3341 590 3401 volucrum
603 3341 826 3402 raucarum'ad
836 3341 932 3402 litora
946 3340 1065 3400 nubem
1081 3339 1090 3406 l
1114 3342 1162 3421 l...

367 3442 423 3498 aut
436 3437 558 3499 fulvum
568 3438 767 3500 descendere
781 3443 889 3513 monte
903 3439 1049 3518 leonem(
1073 3453 1096 3516 ).

290 3631 423 3714 Verum
434 3632 533 3705 enim
546 3655 631 3705 vero
644 3633 797 3727 quodde
814 3632 999 3730 epithetis,
1014 3633 1114 3706 idem
1127 3634 1171 3706 de
1184 3639 1278 3706 cete-

243 3755 293 3828 ris
319 3755 506 3830 vocahulis
527 3756 571 3829 nh
599 3780 642 3829 eo
662 3757 847 3854 usurpatis
868 3758 1020 3832 laudare
1051 3759 1167 3830 decet.
1194 3757 1276 3830 Non

243 3881 341 3973 quod
363 3879 796 3961 uniusverhirirtuteres
814 3883 962 3979 pingere
981 3888 1139 3978 nequeat
1157 3905 1164 3955 :
1180 3882 1277 3978 apud

280 4128 316 4198 (t)
330 4127 366 4183 G.
380 4125 432 4194 lV,
448 4127 584 4184 aot-tot.

239 4242 243 4248 ⁴
280 4216 316 4289 (2)
332 4216 368 4272 G.
386 4216 409 4282 1,
433 4216 496 4273 183.

280 4304 318 4376 (3)
332 4305 405 4360 Bou.
421 4305 443 4373 l,
461 4305 551 4361 57-58.

279 4393 319 4466 (4)
334 4393 410 4450 Aen.
423 4393 490 4462 Vll,
507 4393 568 4449 705.

282 4481 319 4554 (5)
334 4482 411 4540 Aen.
432 4484 483 4552 lV,
501 4487 561 4542 159.
