3262 5430
733 427 909 494 ..78-

298 569 410 667 Cujus
438 569 555 642 saltus
593 567 714 663 imago
741 569 821 663 ejus
855 566 972 641 oculis
1002 565 1107 663 quasi
1137 565 1340 663 intercepta

300 693 551 767 narrationem
573 691 732 789 supplet.
754 693 794 765 Iu
813 692 1009 765 notissimo
1037 672 1196 785 quodam
1216 694 1339 764 Iliadis

299 819 380 892 loco
395 825 452 910 (t)
466 817 595 914 aquiiae
616 840 698 890 cum
709 824 879 912 serpente
901 816 1071 912 proelium
1087 825 1335 892 memoratur:

298 943 607 1051 concisauquidem
623 942 786 1015 narratio
801 949 874 1030 est;
892 967 972 1037 quac
988 948 1122 1032 tamen,
1139 943 1338 1017 fluctuante

297 1068 459 1165 primum
483 1092 614 1165 pugnae
642 1069 799 1157 fortuna,
821 1066 931 1141 unius
950 1091 1050 1158 casu,
1074 1049 1227 1142 alterius
1247 1070 1339 1164 ¹fuga

299 1177 459 1268 finiatur}
504 1193 609 1266 Haud
642 1216 761 1281 secuS,
806 1192 981 1266 Cicerone
1015 1195 1218 1268 Homerum
1256 1194 1339 1267 imi-

298 1326 398 1393 tante
419 1312 485 1414 (Ξ),
509 1342 548 1391 se
562 1342 620 1389 res
636 1318 768 1406 babet3
790 1316 967 1412 Vergilio,
987 1342 1119 1391 secus:

358 1480 463 1557 thue
479 1479 591 1538 volans
606 1477 669 1536 alte
684 1480 814 1554 raptum
830 1494 888 1537 ceu
904 1477 991 1538 fulva
1004 1479 1177 1578 draconem

357 1580 429 1638 Fert
439 1576 549 1654 aquila
570 1574 795 1653 implicuitque
809 1574 909 1653 pedes
924 1581 1021 1660 atque
1045 1578 1209 1657 unguibus
1224 1579 1335 1655 haesit3

357 1675 493 1736 Saucius
509 1679 542 1734 at
555 1691 691 1752 serpens
707 1673 841 1732 sinuosa
855 1674 1022 1735 volumina
1036 1680 1154 1748 versat,

356 1773 563 1850 Arrectisque
580 1770 692 1830 horret
708 1770 864 1848 squamis
881 1775 913 1831 et
930 1772 1040 1832 sibilat
1055 1792 1110 1834 ore

357 1870 486 1931 Arduus
499 1872 690 1948 insurgens3
708 1868 764 1929 illa
778 1869 866 1929 baud
879 1870 986 1930 minus
1002 1877 1096 1950 urget
1111 1874 1237 1934 obunco

357 1972 546 2030 Luctantem
562 1972 688 2039 rostr03
705 1967 801 2027 simul
812 1967 933 2028 aethera
947 1968 1096 2031 verberat
1105 1971 1165 2032 alis
1179 1971 1236 2052 (3).

346 2148 411 2220 Hic
434 2146 480 2219 ad
502 2145 750 2218 simulandam
772 2146 964 2242 utriusque
986 2149 1150 2244 corporis
1164 2150 1337 2246 jactatio·

297 2296 381 2345 nem
407 2270 532 2344 omnia
558 2270 780 2342 reteruntur.
812 2270 870 2342 Sic
902 2295 1047 2368 quoque
1067 2276 1125 2349 leo
1151 2276 1213 2372 qui
1239 2277 1335 2373 apud

296 2398 512 2481 Homerum,
535 2392 680 2466 stabula
701 2417 912 2488 aggressus,
932 2421 1015 2470 curn
1028 2398 1201 2473 moiossis
1216 2409 1336 2496 pasto·

295 2520 471 2613 cibusque
486 2541 550 2612 per
568 2520 682 2588 totam
698 2522 843 2589 noctem
859 2519 997 2593 bellum
1010 2520 1104 2618 gerit
1114 2521 1336 2615 tandemque

296 2666 403 2716 mane
417 2665 512 2714 novo
524 2640 662 2713 recedit
675 2640 743 2735 (t),
754 2664 797 2712 eo
812 2644 961 2716 demum
975 2652 1143 2752 tempore
1157 2669 1229 2741 quo
1241 2669 1335 2741 prae·

295 2766 542 2863 damcorripit
557 2773 837 2864 correptamque
857 2773 957 2842 tenet
977 2770 1014 2842 in
1028 2769 1148 2844 lucem
1169 2795 1190 2843 a
1212 2771 1335 2867 Vergi-

293 2895 344 2968 lio
359 2892 574 2992 producitur
589 2916 604 2989 εΙ
896 2887 901 2899 ’

351 3057 514 3133 Impastus
528 3055 656 3116 stabula
671 3057 737 3117 alta
751 3057 801 3118 leo
817 3075 876 3117 ceu
889 3075 974 3136 saepe
989 3076 1169 3136 peragrans

291 3218 295 3225 .
354 3151 487 3232 (Suadet
502 3155 587 3214 enim
603 3173 723 3216 vesana
737 3156 851 3233 fames)
868 3157 895 3216 si
912 3158 994 3217 forte
1009 3157 1159 3235 fugacem

353 3251 527 3328 Conspexit
543 3269 693 3329 capream
706 3258 762 3313 aut
786 3260 971 3332 surgentem
989 3255 1020 3313 iu
1039 3272 1163 3314 cornua
1189 3272 1332 3332 cervum,

353 3347 478 3408 Gaudet
489 3349 582 3409 hians
598 3351 750 3423 immane,
769 3369 943 3429 comasque
958 3352 1090 3426 arrexit,
1108 3356 1139 3412 et
1152 3353 1254 3412 haeret

352 3442 537 3506 Visceribus
550 3464 649 3532 super
664 3447 854 3508 incumbens
870 3466 876 3508 :
894 3449 971 3508 lavit
987 3448 1136 3527 improba
1152 3454 1244 3510 taeter

353 3541 417 3601 Ora
430 3560 525 3603 cruor
536 3542 591 3624 (5).

200 3759 202 3763 .
250 3750 252 3754 ·
290 3703 353 3777 iem
356 3764 374 3855 ἁ
386 3721 497 3856 intquo
512 3719 589 3776 nihil
606 3727 655 3778 est
676 3722 760 3795 quod
776 3723 881 3779 verbis
896 3741 903 3780 ;
918 3731 945 3781 ct
964 3728 1045 3781 saltu
1056 3741 1163 3795 supra,
1179 3731 1253 3795 etc,
1267 3742 1331 3782 res-

292 3818 352 3874 pon
378 3818 441 3856 ea.

328 3891 364 3960 (u
384 3889 452 3954 XII,
469 3891 605 3948 ibbibi.

328 3976 366 4050 (2)
378 3978 421 4033 Dc
437 3979 645 4050 Divinatione,
662 3983 685 4051 1,
701 3983 744 4038 47.
851 4025 856 4036 s

327 4065 365 4138 (3)
378 4067 457 4124 Aen.
477 4068 527 4136 ΧΙ,
544 4070 671 4129 ror-756.

327 4154 365 4227 (t)
380 4155 415 4214 11.
435 4157 487 4225 XI,
501 4160 633 4216 545-[54.

327 4245 363 4318 (5)
376 4247 455 4302 Aen.
470 4248 507 4316 X,
528 4249 656 4305 ras-728.
