3262 5430
803 502 846 520 ...
870 470 911 537 88
938 505 978 522 .-

366 612 460 700 Quid
473 612 592 684 vero?
610 611 663 683 En
683 583 847 707 procella
860 604 1048 720 residente¹
1065 603 1224 683 tonitrus
1242 609 1403 702 silescit;

285 789 289 797 -
367 735 522 810 encaelo
549 735 729 832 patefacto
765 737 819 810 sol
867 735 1025 832 erumpit
1048 761 1056 825 ;
1080 759 1125 807 en
1165 734 1206 807 fit
1243 736 1406 832 undique

368 862 493 958 avium·
518 866 719 935 concentus
743 860 815 959 (l):
1149 861 1156 870 ’

386 1031 390 1035 ’
427 1032 541 1092 Nescio
557 1050 621 1110 qua
633 1036 751 1110 praeter
765 1032 896 1093 solitum
912 988 1162 1092 dulcedinelaeti
1248 1020 1250 1022 ’

379 1209 385 1218 ἡ
411 1119 513 1192 'luter
523 1148 558 1191 se
572 1130 659 1190 loliis
672 1130 865 1209 strepitant:
887 1130 979 1208 juvat
991 1128 1149 1189 imbribus
1160 1127 1242 1188 actis

424 1229 614 1306 Progeniem
626 1246 760 1305 parvam
776 1227 950 1345 dulcesque
967 1226 1108 1288 revisere
1121 1224 1219 1284 nidos
1231 1223 1286 1304 (3).

267 1492 271 1503 ,
365 1414 504 1503 Quibus
534 1414 683 1528 quidem
713 1370 882 1525 versibus
913 1412 1084 1510 perlectis
1109 1414 1276 1508 quaedam
1302 1413 1405 1488 illius

367 1540 551 1637 Ruysdael
566 1540 711 1637 pictura
729 1540 787 1612 cui
809 1543 966 1612 Procelto
980 1562 1118 1612 nomen
1138 1544 1194 1612 est
1214 1539 1305 1611 mihi
1319 1523 1419 1613 ante⁸

367 1665 495 1739 oculos
516 1666 878 1761 obversantem),
901 1665 966 1738 illa
980 1689 1062 1758 quae
1087 1664 1404 1758 diciturSpmpto-

315 1770 320 1783 ’
369 1793 430 1860 oio
450 1773 642 1861 Postorolis
662 1789 813 1870 auribus
841 1788 1033 1885 obstrepit.
1060 1790 1290 1885 Quapropter
1318 1813 1403 1863 cum

310 1943 315 1956 ‘
367 1936 410 1985 eo
432 1936 622 2007 nunquam
642 1912 906 1986 consentiama
926 1935 997 2007 quo
1018 1913 1086 1985 hoc
1107 1911 1285 2009 scriptum
1320 1922 1374 1987 est
1397 1939 1404 1987 :

369 2067 386 2108 ι(
403 2044 504 2111 Dans
524 2038 578 2111 les
600 2039 841 2112 nombreuses
861 2043 897 2110 et
912 2037 1137 2111 excellentes
1161 2038 1406 2133 descriptions
1520 2047 1524 2052 ’

308 2159 312 2166 ’
366 2164 561 2237 d'bistoire
582 2164 763 2237 naturelle
782 2187 851 2259 que
866 2182 994 2236 nouse
1012 2161 1160 2259 leguees
1180 2162 1404 2258 l’autiquita
1507 2168 1512 2177 '

364 2318 456 2368 nous
482 2299 688 2389 regrettons
707 2294 892 2389 l'absence
914 2293 1096 2390 complete
1116 2293 1164 2366 du
1194 2315 1279 2365 sens
1315 2312 1409 2386 pour
1521 2304 1526 2325 ‘

363 2420 398 2493 le
419 2443 626 2516 paysage...
643 2419 862 2493 L'attention
886 2423 984 2517 yest
1015 2423 1162 2515 partout
1186 2416 1408 2512 dirigeesur
1454 2418 1458 2424 ’

364 2542 420 2614 les
436 2533 558 2613 diuers
577 2541 830 2638 phenomenes
846 2543 1058 2617 conside'rcs
1078 2543 1218 2613 chacun
1249 2561 1295 2611 en
1326 2562 1405 2634 par·

365 2666 522 2757 ticulier,
544 2667 631 2757 bien
656 2667 833 2764 plusque
852 2693 917 2742 sur
943 2668 978 2741 la
1004 2660 1254 2762 convergence
1278 2663 1406 2736 simul

363 2795 469 2865 tance
506 2792 571 2864 des
609 2792 714 2866 etlets
751 2817 799 2888 qu
802 2793 860 2866 ils
895 2792 1112 2891 produiscnt
1136 2815 1220 2865 vers
1255 2815 1306 2863 un
1343 2811 1404 2862 cn·
1455 2855 1475 2880 „
1575 2830 1579 2839 ·

365 2892 592 3015 semblell).
606 2907 1034 3015 »Di.meliorapiist...
1088 2957 1093 2962 ·
1171 2960 1175 2967 ,

399 3174 487 3248 (33.
513 3176 536 3244 1
558 3175 690 3247 333433.
746 3173 757 3198 r

175 3309 179 3314 .
285 3340 287 3345 .
400 3263 486 3347 (nu
502 3264 525 3332 1,
542 3266 671 3323 ιιι-ιιι

399 3352 437 3426 (3)
453 3352 560 3422 Querit
563 3371 600 3408 ur
625 3355 740 3413 veroJ.
755 3323 816 3411 van
831 3331 1051 3429 Wagcningen
1068 3354 1109 3428 (p
1127 3354 1189 3426 431)
1203 3353 1287 3425 quod
1301 3352 1410 3422 Vergi-

289 3508 304 3523 1
362 3442 445 3497 lius'
439 3458 469 3497 m
483 3440 592 3498 eodem
605 3443 673 3500 loco
688 3451 719 3502 et
734 3444 772 3500 de
786 3446 975 3501 animalibus
988 3443 1127 3518 procella
1148 3444 1304 3500 exterritis
1325 3447 1356 3496 et
1371 3441 1409 3501 de

363 3547 440 3587 arou
453 3531 579 3588 bibente
594 3535 635 3588 sit
650 3533 801 3592 locutus:
815 3552 833 3589 3
849 3533 939 3602 Quod
955 3535 1204 3607 prognosticum,
1219 3535 1272 3601 ait,
1294 3532 1410 3586 Aratus

181 3624 185 3633 '
252 3644 256 3650 ·
361 3624 485 3677 ratione
501 3626 655 3678 severiore
673 3641 750 3680 usus
761 3628 869 3698 junxit
889 3642 960 3682 cum
983 3623 1165 3696 fulguribus
1180 3627 1212 3678 et
1227 3620 1377 3676 nubibus.
1395 3641 1407 3671 ι

364 3713 416 3767 Sic
438 3713 488 3766 isti
514 3710 742 3790 pulcherrimos
767 3714 889 3771 illos
869 3732 981 3772 ι33333
1011 3712 1211 3784 intellegunt.
1242 3710 1346 3776 Quum
1376 3711 1410 3764 in

361 3804 507 3873 promptu
527 3803 568 3855 sit
582 3800 723 3858 hibernae
735 3803 900 3875 cujusdam
924 3803 987 3859 diei
1001 3803 1151 3874 descript
1144 3816 1173 3856 ιο
1185 3799 1330 3855 maximis
1345 3799 1407 3870 pic·

171 3960 175 3967 ἱ
262 3960 264 3965 Ι
365 3889 485 3944 toribus
500 3889 605 3960 digna
623 3890 715 3946 aliter
734 3909 797 3946 rem
824 3909 857 3947 se
873 3892 987 3949 habere
1012 3891 1172 3965 apud
1110 3891 1172 3946 Mo
1175 3888 1290 3944 thaeum
1304 3887 1406 3942 [3333-
1489 3894 1517 3908 ”

365 3975 442 4049 berg
461 3979 681 4037 conclamant!
778 4036 780 4041 .

327 4085 330 4089 ·
361 4067 436 4142 (4)
458 4068 665 4137 Friedltinder,
685 4070 765 4126 trad
782 4071 909 4143 partib.
926 4070 1036 4195 Vogel,
1055 4070 1093 4135 ΙΙ,
1108 4086 1140 4141 p.
1151 4067 1216 4122 493·
1223 4065 1286 4129 433.
1343 4045 1346 4051 ”
