3262 5430
728 479 905 544 -li-
991 535 994 540 .

251 683 254 688 -
296 654 366 728 que
389 655 454 705 cur
481 631 526 705 de
551 631 617 704 hac
647 655 686 704 re
706 635 848 703 ceteros
874 651 957 702 cum
977 651 1034 716 eo,
1057 651 1230 703 nuneum
1251 654 1333 704 cum

296 756 427 830 ceteris
446 756 652 854 comparari
678 756 817 829 deceat.
1342 851 1346 856 ἡ

345 883 500 978 Nempe,
520 882 615 954 haud
644 879 832 968 animalia,
861 879 1036 975 quamdiu
1059 878 1161 967 vixit,
1180 879 1335 954 cecinis-

296 1011 364 1095 set,
383 1005 454 1078 uisi
468 988 510 1079 ea
526 1030 601 1103 pro⁴
612 1004 741 1079 amicis
754 1004 920 1078 omnium
940 1005 1115 1078 horarum
1131 1005 1332 1080 babuiss'ct.

297 1135 416 1207 Pauca
431 1130 579 1227 quidem
607 1131 652 1203 de
671 1130 751 1227 ejus
775 1129 850 1204 vita
869 1129 1107 1226 moribusque
1135 1120 1241 1204 nobis
1262 1136 1336 1204 tra-

297 1256 373 1329 dita
393 1263 492 1329 sunt.
515 1255 598 1327 Sive
628 1260 751 1327 tamen
778 1261 882 1349 pater
914 1281 930 1322 c
954 1253 1114 1327 rusticus
1137 1282 1155 1319 u
1178 1257 1241 1352 (1),
1258 1254 1336 1327 sive

299 1404 315 1446 <r
334 1375 429 1470 Magi
442 1373 634 1471 cujusdam
653 1372 804 1447 viatoris
820 1373 925 1445 initio
941 1375 1230 1465 mercennarius,
1250 1399 1335 1448 mox

297 1502 343 1575 ob
362 1499 583 1575 industriam
603 1515 753 1595 gener»
780 1499 836 1598 (i)
857 1499 938 1587 luit,
959 1499 1163 1594 Vergilium
1191 1500 1228 1573 in
1243 1525 1354 1597 pago

295 1627 392 1700 inicr
410 1626 562 1700 colonos
582 1629 618 1698 et
637 1599 819 1710 villaticas
850 1630 1088 1721 agrestesque
1107 1626 1244 1700 bestias
1259 1626 1336 1723 pri-

296 1776 397 1826 mum
418 1750 907 1846 crevissenonignoramus.
929 1750 1160 1825 Cumbestiis
1175 1753 1212 1825 in
1233 1751 1335 1824 lami·

295 1878 534 1955 liaritatcma
561 1875 718 1971 pueritia
743 1877 864 1965 venir,
901 1874 1095 1973 pueritiam
1127 1876 1337 1951 recordanti

296 2025 422 2076 earum
444 2001 558 2077 simul
578 2000 756 2072 memoria
769 2001 1045 2076 obversabatur.
1064 2002 1242 2103 Ecunctis
1258 1986 1335 2074 rer-

254 2117 257 2122 ’
296 2128 411 2216 sibus,
434 2127 470 2198 in
494 2125 627 2221 quibus
656 2125 704 2201 de
721 2126 789 2201 boc
819 2151 893 2199 suae
912 2127 994 2200 vilre
1012 2134 1175 2223 [empore
1194 2127 1335 2223 aliquid

294 2251 461 2328 confiteri
486 2249 644 2338 videtur,
677 2249 734 2321 rix
764 2274 881 2324 unum
899 2256 965 2328 aut
981 2251 1138 2326 alterum
1158 2275 1334 2349 excerpas

261 2461 264 2467 ,
294 2377 351 2450 cui
372 2376 510 2449 mentio
527 2397 653 2449 earum
671 2375 779 2448 desit.
802 2376 934 2449 Nescio
950 2400 997 2450 an
1024 2384 1061 2450 er
1075 2376 1258 2477 ipsepuer
1274 2401 1333 2450 ca-

293 2499 409 2602 pellas
420 2501 562 2599 paverit
578 2508 613 2574 et
628 2502 673 2575 de
689 2526 779 2598 rupe
796 2506 1000 2600 pendentes
1014 2504 1148 2577 viderit
1161 2507 1227 2601 (3),
1243 2528 1337 2601 qm

119 2724 122 2732 Ι
238 2709 240 2712 ,
294 2627 478 2726 praecipuo
512 2650 636 2700 amore
664 2628 976 2724 prosequebatur3
1004 2629 1128 2703 nescio
1152 2630 1332 2705 anlocum
1401 2625 1404 2630 ’

293 2778 365 2852 quo
419 2752 612 2849 palumbes
652 2760 897 2849 congererent·
927 2755 972 2853 (l)
1006 2756 1200 2856 notaverit.
1248 2756 1335 2843 Qua

295 2885 423 2986 postea
437 2879 483 2952 ad
499 2877 775 2985 exprimendam
805 2881 971 2967 autumni
992 2880 1225 2954 dulcedinem
1239 2904 1334 2955 com·
1357 2896 1359 2901 ’

296 3004 432 3105 posuit,
453 3003 491 3078 in
504 3004 622 3100 patria
632 3003 761 3089 villula
776 3005 913 3079 seniire
929 3011 1119 3102 potuerat:
1143 3009 1145 3013 ’
1261 3026 1264 3030 “

362 3226 458 3286 Venit
472 3225 597 3299 hiems;
612 3225 727 3284 teritur
742 3225 891 3304 Sicyonia
907 3226 1004 3287 bacca
1019 3229 1153 3308 trapetis
1167 3247 1174 3301 ;

295 3321 299 3325 ’
362 3322 482 3385 Glande
496 3340 571 3383 sues
583 3322 647 3382 laeti
663 3321 817 3407 redeunt3
835 3323 914 3383 dant
926 3323 1044 3384 arbuta
1054 3326 1163 3398 silvae;
1278 3399 1280 3404 Ι

360 3430 398 3488 El
413 3427 519 3506 varios
531 3425 623 3503 ponit
636 3424 722 3485 letus
736 3430 923 3498 autumnus,
937 3431 968 3486 et
980 3425 1043 3488 alte

361 3526 445 3585 Mitis
460 3524 500 3584 in>
508 3523 626 3602 apricis
642 3522 792 3600 coquitur
806 3523 971 3585 vindemia
985 3526 1084 3602 sanis.

359 3625 486 3685 Interea
508 3622 619 3683 dulces
632 3622 776 3708 pendent
791 3608 911 3684 circum
928 3624 1042 3686 oscula
1057 3626 1146 3701 naii;

336 3859 374 3934 (l)
402 3860 466 3916 Vita
488 3859 601 3929 Vcrpili
616 3863 652 3916 dc
673 3851 898 3918 Commentario
925 3864 1028 3918 Valeri
1043 3863 1135 3917 Probi
1151 3868 1269 3921 sublata
1292 3863 1335 3938 (Ο.

299 3952 426 4007 Siccium
443 3950 616 4018 Tranquilli
630 3950 779 4020 reliquia,
792 3950 1026 4022 Reifferscheid,
1046 3969 1076 4025 p.
1096 3952 1157 4024 52).

336 4039 374 4113 (2)
399 4039 527 4109 Verpilil
556 4039 622 4095 Vita
648 4043 684 4095 de
715 4039 939 4096 Commentario
963 4043 1074 4097 Donati
1099 4047 1219 4100 sublata
1236 4043 1334 4118 (ibid,

205 4146 211 4156 ·
299 4135 330 4201 p.
345 4126 402 4200 54).
419 4127 464 4184 cl.
479 4129 572 4184 etiam
588 4128 729 4207 Macrob.⁴
741 4130 819 4196 Sat,
839 4129 876 4195 V,
891 4129 918 4194 2,
936 4130 961 4184 l.

327 4216 375 4290 n)
391 4217 466 4274 nuo.
483 4218 504 4287 r,
521 4218 611 4274 rara

336 4306 374 4381 u)
390 4305 535 4379 auaui.
552 4305 648 4363 cc-cr.
