3262 5430
734 1443 882 1518 CAPUT
902 1445 931 1516 ll

376 1717 399 1768 .'
438 1693 526 1776 Quin
543 1716 648 1776 nocui
667 1680 714 1766 bit
732 1717 950 1770 ANIMALIBUS
965 1715 1196 1770 PRAECEPERIT

354 1987 436 2061 Non
456 1988 525 2060 hoc
538 1986 608 2060 sibi
627 1986 809 2084 Vergilius
827 1989 1067 2085 proponebat,
1084 1994 1122 2063 ui
1134 1992 1360 2068 naturalem·
1433 1971 1438 1977 ⁴

307 2112 500 2187 historiam
517 2113 677 2210 aequales
706 2136 793 2187 suos
810 2113 1044 2203 doceret3ne
1061 2114 1155 2189 illud
1172 2118 1337 2213 quidem,
1458 2106 1462 2111 ’
1506 2131 1510 2139 ’

202 2310 205 2315 ,
274 2227 345 2313 ὐἱ
364 2240 489 2322 omnia
509 2263 588 2334 quae
609 2240 655 2311 ad
675 2239 881 2335 parandum
903 2242 1201 2337 pascendumque
1228 2251 1341 2340 pe'cus

182 2396 184 2401 ·
304 2364 489 2460 pertinent
503 2364 664 2437 carmine
684 2364 878 2465 digereret.
916 2366 960 2438 Et
997 2365 1187 2441 Aristoteli
1216 2374 1341 2464 partes

303 2482 557 2585 elementaque
572 2513 591 2562 e
608 2488 742 2585 quibus
756 2487 1001 2564 animantium
1031 2514 1164 2587 corpus
1175 2566 1183 2593 x
1196 2499 1340 2567 constat

303 2613 559 2704 describenda,
574 2618 609 2684 et
627 2611 784 2685 Varroni
797 2611 898 2706 leges
913 2613 957 2685 de
975 2615 1157 2709 pecudum
1185 2616 1340 2712 emptio-

301 2738 409 2812 nibus
429 2736 681 2832 l'ormulasque
696 2723 924 2833 emptionum
957 2743 1198 2813 recensendas
1227 2742 1339 2815 r'elin-

211 2866 214 2871 ’
300 2863 380 2958 quit
393 2889 403 2951 ς
418 2885 485 2936 nec
508 2869 648 2937 castam
658 2864 800 2936 Musam
810 2859 914 2965 rogat
926 2848 1180 2960 quotempore
1190 2865 1349 2962 juvenci

305 2971 501 3061 castrandi
524 2987 613 3077 sint,
649 3011 716 3060 nec
738 2986 854 3060 scabit
873 2993 982 3083 caput
1016 3012 1213 3084 unguesve.
1233 2989 1336 3064 vivos

304 3112 402 3185 rodit
415 3117 454 3185 ut
465 3113 634 3187 versibus
650 3111 823 3209 explanet
837 3137 908 3208 qua
926 3112 1093 3187 dentium
1110 3113 1224 3209 figura
1243 3119 1332 3187 aetas

195 3269 199 3275 ·
298 3261 477 3333 equorum
492 3237 712 3311 declaretur.
727 3237 832 3310 Haud
847 3238 1102 3333 componendo
1121 3236 1248 3311 libello
1263 3263 1335 3334 quo

298 3363 453 3459 agrestis
481 3361 649 3460 popellus
662 3362 797 3436 cotidie
814 3362 868 3435 nti
881 3362 1081 3459 possit‚sed
1106 3362 1334 3438 celebrandae

297 3489 394 3562 ruris
407 3488 532 3584 gloriae
553 3489 700 3574 studet:
723 3511 856 3584 nempe
872 3493 979 3584 poeta
998 3493 1067 3561 est.

291 3672 296 3677 .
345 3616 420 3688 Nec
450 3622 580 3690 lamen.
610 3613 661 3688 ila
697 3638 847 3711 parvam
882 3615 927 3687 de
958 3615 1179 3713 animalibus
1217 3617 1335 3690 scien-

189 3742 203 3817 ’.
296 3751 389 3831 iiam:
413 3749 464 3848 li)
491 3749 560 3822 sibi
581 3746 818 3844 comparavit.
838 3748 1018 3835 Qnamut
1034 3752 1131 3820 recte
1150 3750 1356 3844 expenda-
1425 3832 1428 3836 ,

296 3899 393 3963 mue,
416 3898 496 3970 quae
527 3873 625 3970 apud
645 3877 787 3946 veteres
814 3871 925 3945 luerit
955 3871 1080 3969 potius
1114 3897 1224 3969 quam
1252 3898 1333 3970 qnae

257 4178 259 4183 ·
325 4125 368 4232 ¹(l)
384 4159 460 4218 Neo‘
473 4161 623 4215 minorem
645 4156 683 4215 de
701 4156 867 4213 arboribus
890 4155 1058 4230 plantisve,
1087 4113 1133 4210 de·
1149 4156 1265 4228 quibus
1281 4157 1332 4212 bic
1384 4145 1386 4150 ’

293 4265 355 4306 non
375 4248 600 4322 disputandum
625 4252 684 4303 est.
712 4247 791 4302 llum
815 4249 845 4300 in
862 4245 964 4301 indice
987 4244 1136 4300 librorum
1160 4244 1242 4310 XIV,
1264 4244 1330 4314 XV,

292 4336 517 4406 xv11,xvi11,
541 4337 607 4391 XIX
622 4335 676 4408 qui
700 4334 738 4390 ad
762 4334 908 4390 arborum
930 4333 1171 4406 plantarumque
1186 4339 1330 4390 naturam

137 4438 146 4449 ·
237 4456 242 4461 ·
292 4416 460 4503 pertinent,
473 4430 555 4495 inter
569 4443 643 4483 suos
660 4432 805 4482 auctores
822 4424 940 4480 Plinius
958 4427 1073 4496 posuit.
1090 4423 1147 4489 ct,
1163 4427 1195 4480 in
1208 4424 1328 4482 colleo-

131 4572 136 4580 .
210 4595 213 4598 ῃ
281 4516 375 4575 'tione
390 4519 442 4574 cui
459 4517 600 4572 Lemaire
616 4531 726 4601 nomen
742 4514 837 4601 dedit,
851 4516 944 4568 Flora
964 4513 1148 4582 Virpitiaue.
