3262 5430
716 673 894 760 ..6)-

336 822 633 898 Sicdirersorum
646 845 823 918 generum
837 822 1002 898 moribus
1015 822 1325 920 diversisquesin-

289 950 459 1046 gulorum
480 945 697 1020 animalium
713 946 883 1021 sensibus
897 950 1095 1046 respondet
1114 948 1326 1022 felicissima

288 1075 353 1148 illa
367 1071 549 1147 sermonis
560 1093 872 1166 numerorumque
888 1071 1082 1146 diversitas
1103 1095 1112 1160 3
1136 1073 1232 1168 quod
1252 1096 1325 1145 non

288 1206 432 1273 tantum
460 1195 630 1294 pluribus
668 1195 759 1269 loeis
793 1195 957 1270 intense
990 1199 1223 1295 eomparatiS,
1258 1200 1323 1270 sed

288 1325 398 1398 etiam
414 1347 500 1410 uno,
529 1345 601 1418 quo
621 1326 832 1417 pascentem
861 1346 1006 1396 vaccam
1027 1323 1191 1419 duosque
1221 1321 1327 1396 dimi-

289 1455 414 1524 cantes
430 1453 554 1522 tauros
572 1444 725 1534 inducit,
748 1444 912 1543 inspecto
926 1446 1157 1545 ‘comprobari
1172 1453 1294 1544 potest
1315 1471 1323 1521 :

240 1650 242 1658 ⁴
352 1627 498 1688 Pascitur
513 1626 547 1685 iu
560 1642 679 1703 magna
694 1624 759 1685 Sita
774 1625 917 1687 formosa
926 1628 1097 1722 juvenca..

350 1726 399 1786 Illi
409 1726 608 1787 alternantes
619 1722 721 1782 multa
735 1723 766 1783 vi
777 1725 891 1802 proelia
905 1725 1044 1787 miscent

351 1822 546 1886 Vulneribus
559 1820 684 1883 crebris
699 1819 754 1900 (1).

342 2012 428 2099 Quae
458 2034 540 2084 cum
560 2010 611 2085 ita
627 2011 713 2100 sint,
743 2035 866 2084 nonne
890 2016 965 2084 tam
987 2010 1196 2086 absolutam
1212 2017 1247 2085 et
1278 2010 1331 2083 di-

263 2200 265 2203 ,
293 2137 399 2211 candi
418 2144 453 2211 at
467 2136 702 2210 versificandi
726 2138 916 2210 seientiam
937 2137 1012 2209 illis
1029 2137 1150 2211 solum
1176 2136 1238 2233 qui
1273 2160 1331 2209 res

293 2263 392 2360 ipsas
412 2263 559 2360 penitus
574 2265 864 2339 observaverunt
886 2246 1036 2360 totoque
1052 2265 1175 2339 animo
1203 2267 1332 2340 hause-

293 2396 379 2463 runt
389 2391 541 2463 concedi
558 2389 703 2487 liquet?
722 2393 984 2487 Expendantur
1010 2392 1182 2466 dictionis
1204 2393 1330 2488 figura

293 2512 545 2610 imaginesque
565 2516 697 2611 quibus
720 2518 899 2612 quosdam
920 2521 965 2591 de
981 2519 1111 2614 apibus
1126 2541 1253 2591 versus
1274 2541 1330 2592 or·

191 2741 200 2755 .
293 2640 407 2714 navit.
426 2628 588 2728 Quarum
603 2641 758 2715 sinnam
777 2643 977 2717 deemisso
994 2644 1188 2717 examine:

635 2866 749 2884 .........
764 2823 897 2902 jamque
912 2825 1028 2886 arbore
1044 2843 1173 2886 summa

354 2920 522 2982 Confluere
537 2925 569 2980 et
581 2919 678 2980 lentis
694 2940 789 2983 uvam
803 2924 973 2984 demittere
987 2925 1086 2985 ramis
1100 2923 1143 3004 (2)

292 3108 337 3182 ab
352 3109 509 3183 Homero
526 3108 648 3183 forsan
663 3115 850 3184 mutuatus
871 3110 918 3182 sit
936 3112 1001 3203 (3),
1021 3111 1228 3206 plerasque,
1246 3134 1329 3184 eum

292 3232 453 3306 alvearia
474 3217 610 3306 viseret
628 3241 664 3307 et
701 3235 780 3330 apis
800 3234 945 3307 Matinae
972 3236 1080 3308 modo
1120 3241 1327 3330 vagaretur,

292 3357 371 3453 ipse
391 3358 511 3431 finxit.
529 3358 613 3432 Sive
629 3359 701 3433 duo
717 3382 828 3455 apum
847 3385 982 3456 genera
1011 3385 1093 3433 esse
1124 3360 1254 3434 dooet:

401 3537 471 3597 aliae
485 3541 597 3613 turpes
613 3535 756 3606 horrent,
773 3555 832 3597 eeu
845 3528 976 3615 pulvere
987 3537 1028 3623 ab
1044 3539 1111 3599 alto

353 3633 431 3695 Cum
446 3635 534 3694 venit
550 3634 675 3694 etsicco
691 3638 811 3696 terram
827 3638 913 3714 spuit
928 3656 982 3698 ore
998 3638 1100 3698 viator

354 3732 498 3812 Aridus(
520 3737 545 3812 ),

295 3921 371 3995 sive
392 3945 518 3995 earum
538 3922 668 4018 proelio
688 3945 930 4018 magnamque
950 3930 1109 4020 stragem
1124 3923 1220 3998 cauit
1244 3948 1252 3998 :

331 4142 369 4215 (r)
388 4143 423 4199 o.
441 4141 494 4210 111,
510 4142 646 4199 are-221.

330 4231 413 4305 (no.
430 4231 480 4300 ιν,
496 4231 620 4288 sua-557.

330 4319 369 4392 (3)
384 4320 420 4376 u.
443 4320 483 4386 11,
497 4320 540 4376 ae.

491 4405 621 4482 βοτρυδὸν
642 4405 670 4463 δὲ
684 4405 867 4474 πέτονται,ἐπ’
880 4410 986 4467 ἄνθεσιν
1002 4410 1174 4487 εἰαρινοῖσιν,

331 4507 369 4582 (4)
385 4509 421 4565 u.
437 4507 489 4580 iv,
503 4507 599 4591 ae-ea.
