<?xml version="1.0" encoding="UTF-8"?>
<!DOCTYPE html PUBLIC "-//W3C//DTD XHTML 1.0 Transitional//EN"
    "http://www.w3.org/TR/xhtml1/DTD/xhtml1-transitional.dtd">
<html xmlns="http://www.w3.org/1999/xhtml" xml:lang="en" lang="en">
 <head>
  <title>
</title>
<meta http-equiv="Content-Type" content="text/html;charset=utf-8" />
  <meta name='ocr-system' content='tesseract 3.04.00' />
  <meta name='ocr-capabilities' content='ocr_page ocr_carea ocr_par ocr_line ocrx_word'/>
</head>
<body>
  <div class='ocr_page' id='page_1' title='image "./deanimalibusapu00bretgoog_0111.png"; bbox 0 0 3262 5430; ppageno 0'>
   <div class='ocr_carea' id='block_1_1' title="bbox 748 539 949 611">
    <p class='ocr_par' dir='ltr' id='par_1_1' title="bbox 748 539 949 611">
     <span class='ocr_line' id='line_1_1' title="bbox 748 539 949 611; baseline 0.02 -4"><span class='ocrx_word' id='word_1_1' title='bbox 748 539 949 611; x_wconf 77' lang='lat'>-100-</span> 
     </span>
    </p>
   </div>
   <div class='ocr_carea' id='block_1_2' title="bbox 322 664 1366 922">
    <p class='ocr_par' dir='ltr' id='par_1_2' title="bbox 322 664 1366 922">
     <span class='ocr_line' id='line_1_2' title="bbox 324 664 1366 784; baseline 0 -23"><span class='ocrx_word' id='word_1_2' title='bbox 324 664 437 761; x_wconf 83' lang='lat' dir='ltr'>micas</span> <span class='ocrx_word' id='word_1_3' title='bbox 458 688 546 762; x_wconf 93' lang='lat' dir='ltr'>dum</span> <span class='ocrx_word' id='word_1_4' title='bbox 567 710 652 784; x_wconf 92' lang='lat' dir='ltr'>pars</span> <span class='ocrx_word' id='word_1_5' title='bbox 687 685 841 782; x_wconf 84' lang='lat' dir='ltr'>grandia</span> <span class='ocrx_word' id='word_1_6' title='bbox 867 683 1050 757; x_wconf 79' lang='lat' dir='ltr'>frumenta</span> <span class='ocrx_word' id='word_1_7' title='bbox 1083 685 1251 776; x_wconf 88' lang='lat' dir='ltr'>trudunt,</span> <span class='ocrx_word' id='word_1_8' title='bbox 1281 711 1366 784; x_wconf 90' lang='lat' dir='ltr'>pars</span> 
     </span>
     <span class='ocr_line' id='line_1_3' title="bbox 322 809 1364 922; baseline 0.004 -40"><span class='ocrx_word' id='word_1_9' title='bbox 322 814 460 922; x_wconf 79' lang='lat' dir='ltr'>eogunt</span> <span class='ocrx_word' id='word_1_10' title='bbox 485 809 632 906; x_wconf 83' lang='lat' dir='ltr'>agmina</span> <span class='ocrx_word' id='word_1_11' title='bbox 661 809 915 906; x_wconf 76' lang='lat' dir='ltr'>castigantque</span> <span class='ocrx_word' id='word_1_12' title='bbox 935 832 1059 883; x_wconf 89' lang='lat' dir='ltr'>moras</span> <span class='ocrx_word' id='word_1_13' title='bbox 1091 809 1173 903; x_wconf 87' lang='lat' dir='ltr'>(l);</span> <span class='ocrx_word' id='word_1_14' title='bbox 1197 810 1255 886; x_wconf 88' lang='lat' dir='ltr'>vel</span> <span class='ocrx_word' id='word_1_15' title='bbox 1275 836 1364 909; x_wconf 90' lang='lat' dir='ltr'>apes</span> 
     </span>
    </p>
   </div>
   <div class='ocr_carea' id='block_1_3' title="bbox 375 987 1266 1663">
    <p class='ocr_par' dir='ltr' id='par_1_3' title="bbox 375 976 1266 1663">
     <span class='ocr_line' id='line_1_4' title="bbox 777 987 1233 1077; baseline -0.002 -26.259"><span class='ocrx_word' id='word_1_16' title='bbox 777 1008 850 1077; x_wconf 83' lang='lat' dir='ltr'>epm</span> <span class='ocrx_word' id='word_1_17' title='bbox 872 989 979 1068; x_wconf 87' lang='lat' dir='ltr'>gentis</span> <span class='ocrx_word' id='word_1_18' title='bbox 993 987 1122 1050; x_wconf 91' lang='lat' dir='ltr'>adultos</span> <span class='ocrx_word' id='word_1_19' title='bbox 1230 1018 1233 1023; x_wconf 94' lang='lat'>·</span> 
     </span>
     <span class='ocr_line' id='line_1_5' title="bbox 381 1087 1081 1166; baseline -0.003 -17"><span class='ocrx_word' id='word_1_20' title='bbox 381 1089 532 1151; x_wconf 82' lang='lat' dir='ltr'>Eduount</span> <span class='ocrx_word' id='word_1_21' title='bbox 546 1091 645 1164; x_wconf 78' lang='lat' dir='ltr'>letus,</span> <span class='ocrx_word' id='word_1_22' title='bbox 656 1095 712 1151; x_wconf 89' lang='lat' dir='ltr'>aut</span> <span class='ocrx_word' id='word_1_23' title='bbox 723 1107 797 1150; x_wconf 88' lang='lat' dir='ltr'>cum</span> <span class='ocrx_word' id='word_1_24' title='bbox 809 1088 969 1166; x_wconf 84' lang='lat' dir='ltr'>liquentia</span> <span class='ocrx_word' id='word_1_25' title='bbox 985 1087 1081 1148; x_wconf 89' lang='lat' dir='ltr'>mella</span> 
     </span>
     <span class='ocr_line' id='line_1_6' title="bbox 381 1186 1127 1268; baseline -0.004 -19"><span class='ocrx_word' id='word_1_26' title='bbox 381 1190 508 1268; x_wconf 91' lang='lat' dir='ltr'>Stipant</span> <span class='ocrx_word' id='word_1_27' title='bbox 523 1193 554 1249; x_wconf 89' lang='lat' dir='ltr'>et</span> <span class='ocrx_word' id='word_1_28' title='bbox 569 1189 655 1249; x_wconf 86' lang='lat' dir='ltr'>dulci</span> <span class='ocrx_word' id='word_1_29' title='bbox 670 1187 861 1248; x_wconf 88' lang='lat' dir='ltr'>distendunt</span> <span class='ocrx_word' id='word_1_30' title='bbox 871 1191 1001 1247; x_wconf 82' lang='lat' dir='ltr'>nectare</span> <span class='ocrx_word' id='word_1_31' title='bbox 1016 1186 1127 1260; x_wconf 88' lang='lat' dir='ltr'>cellas,</span> 
     </span>
     <span class='ocr_line' id='line_1_7' title="bbox 379 1285 1266 1365; baseline 0 -18"><span class='ocrx_word' id='word_1_32' title='bbox 379 1289 443 1347; x_wconf 81' lang='lat' dir='ltr'>Aut</span> <span class='ocrx_word' id='word_1_33' title='bbox 457 1304 557 1348; x_wconf 90' lang='lat' dir='ltr'>onera</span> <span class='ocrx_word' id='word_1_34' title='bbox 570 1287 734 1365; x_wconf 84' lang='lat' dir='ltr'>accipiunt</span> <span class='ocrx_word' id='word_1_35' title='bbox 748 1286 947 1355; x_wconf 81' lang='lat' dir='ltr'>venientum,</span> <span class='ocrx_word' id='word_1_36' title='bbox 963 1289 1020 1344; x_wconf 89' lang='lat' dir='ltr'>aut</span> <span class='ocrx_word' id='word_1_37' title='bbox 1035 1285 1163 1363; x_wconf 89' lang='lat' dir='ltr'>agmine</span> <span class='ocrx_word' id='word_1_38' title='bbox 1178 1287 1266 1347; x_wconf 82' lang='lat' dir='ltr'>lacto</span> 
     </span>
     <span class='ocr_line' id='line_1_8' title="bbox 380 1382 1207 1464; baseline 0 -20"><span class='ocrx_word' id='word_1_39' title='bbox 380 1387 533 1464; x_wconf 86' lang='lat' dir='ltr'>Ignavum</span> <span class='ocrx_word' id='word_1_40' title='bbox 545 1386 745 1464; x_wconf 84' lang='lat' dir='ltr'>lucospecus</span> <span class='ocrx_word' id='word_1_41' title='bbox 756 1404 775 1447; x_wconf 94' lang='lat' dir='ltr'>a</span> <span class='ocrx_word' id='word_1_42' title='bbox 787 1383 987 1464; x_wconf 78' lang='lat' dir='ltr'>praesepibus</span> <span class='ocrx_word' id='word_1_43' title='bbox 998 1389 1109 1444; x_wconf 85' lang='lat' dir='ltr'>arcent</span> <span class='ocrx_word' id='word_1_44' title='bbox 1124 1382 1207 1463; x_wconf 64' lang='lat' dir='ltr'>(bl...</span> 
     </span>
     <span class='ocr_line' id='line_1_9' title="bbox 375 1481 1112 1545; baseline -0.003 -2"><span class='ocrx_word' id='word_1_45' title='bbox 375 1485 414 1544; x_wconf 75' lang='lat' dir='ltr'>nt</span> <span class='ocrx_word' id='word_1_46' title='bbox 429 1485 523 1545; x_wconf 89' lang='lat' dir='ltr'>fessae</span> <span class='ocrx_word' id='word_1_47' title='bbox 536 1486 639 1545; x_wconf 88' lang='lat' dir='ltr'>multa</span> <span class='ocrx_word' id='word_1_48' title='bbox 648 1486 795 1545; x_wconf 79' lang='lat' dir='ltr'>referunt</span> <span class='ocrx_word' id='word_1_49' title='bbox 807 1501 841 1543; x_wconf 85' lang='lat' dir='ltr'>sa</span> <span class='ocrx_word' id='word_1_50' title='bbox 857 1486 952 1543; x_wconf 84' lang='lat' dir='ltr'>nocte</span> <span class='ocrx_word' id='word_1_51' title='bbox 965 1481 1112 1543; x_wconf 89' lang='lat' dir='ltr'>minores</span> 
     </span>
     <span class='ocr_line' id='line_1_10' title="bbox 376 1581 844 1663; baseline -0.006 -20"><span class='ocrx_word' id='word_1_52' title='bbox 376 1583 478 1643; x_wconf 84' lang='lat' dir='ltr'>Crura</span> <span class='ocrx_word' id='word_1_53' title='bbox 488 1583 600 1662; x_wconf 86' lang='lat' dir='ltr'>thymo</span> <span class='ocrx_word' id='word_1_54' title='bbox 613 1584 769 1663; x_wconf 64' lang='lat' dir='ltr'>plena...</span> <span class='ocrx_word' id='word_1_55' title='bbox 787 1581 844 1662; x_wconf 80' lang='lat'><strong>(3).</strong></span> 
     </span>
    </p>
   </div>
   <div class='ocr_carea' id='block_1_4' title="bbox 314 1767 1355 2121">
    <p class='ocr_par' dir='ltr' id='par_1_4' title="bbox 314 1767 1355 2121">
     <span class='ocr_line' id='line_1_11' title="bbox 365 1767 1355 1867; baseline -0.002 -22"><span class='ocrx_word' id='word_1_56' title='bbox 365 1771 460 1859; x_wconf 82' lang='lat' dir='ltr'>Quid</span> <span class='ocrx_word' id='word_1_57' title='bbox 469 1773 574 1844; x_wconf 79' lang='lat' dir='ltr'>vero?</span> <span class='ocrx_word' id='word_1_58' title='bbox 587 1771 664 1845; x_wconf 82' lang='lat' dir='ltr'>Etsi</span> <span class='ocrx_word' id='word_1_59' title='bbox 680 1770 897 1845; x_wconf 89' lang='lat' dir='ltr'>animalium</span> <span class='ocrx_word' id='word_1_60' title='bbox 909 1768 984 1842; x_wconf 90' lang='lat' dir='ltr'>vita</span> <span class='ocrx_word' id='word_1_61' title='bbox 996 1768 1076 1842; x_wconf 91' lang='lat' dir='ltr'>sine</span> <span class='ocrx_word' id='word_1_62' title='bbox 1089 1767 1243 1842; x_wconf 89' lang='lat' dir='ltr'>crimine</span> <span class='ocrx_word' id='word_1_63' title='bbox 1254 1770 1355 1867; x_wconf 90' lang='lat' dir='ltr'>degi-</span> 
     </span>
     <span class='ocr_line' id='line_1_12' title="bbox 314 1894 1351 1996; baseline -0.001 -25"><span class='ocrx_word' id='word_1_64' title='bbox 314 1904 376 1971; x_wconf 87' lang='lat' dir='ltr'>tur</span> <span class='ocrx_word' id='word_1_65' title='bbox 395 1898 464 1996; x_wconf 77' lang='lat' dir='ltr'>(l),</span> <span class='ocrx_word' id='word_1_66' title='bbox 496 1897 565 1972; x_wconf 85' lang='lat' dir='ltr'>etsi</span> <span class='ocrx_word' id='word_1_67' title='bbox 592 1897 710 1970; x_wconf 82' lang='lat' dir='ltr'>nostri</span> <span class='ocrx_word' id='word_1_68' title='bbox 735 1898 844 1971; x_wconf 87' lang='lat' dir='ltr'>luxus</span> <span class='ocrx_word' id='word_1_69' title='bbox 865 1898 1151 1990; x_wconf 89' lang='lat' dir='ltr'>nostrorumque</span> <span class='ocrx_word' id='word_1_70' title='bbox 1177 1894 1351 1970; x_wconf 85' lang='lat' dir='ltr'>vitiorum</span> 
     </span>
     <span class='ocr_line' id='line_1_13' title="bbox 314 2018 1230 2121; baseline -0.004 -25"><span class='ocrx_word' id='word_1_71' title='bbox 314 2022 575 2121; x_wconf 86' lang='lat' dir='ltr'>expertiasunt</span> <span class='ocrx_word' id='word_1_72' title='bbox 588 2024 650 2121; x_wconf 82' lang='lat'><strong>(5),</strong></span> <span class='ocrx_word' id='word_1_73' title='bbox 675 2023 834 2097; x_wconf 89' lang='lat' dir='ltr'>subeunt</span> <span class='ocrx_word' id='word_1_74' title='bbox 846 2043 942 2094; x_wconf 78' lang='lat' dir='ltr'>aurae</span> <span class='ocrx_word' id='word_1_75' title='bbox 961 2023 1070 2114; x_wconf 89' lang='lat' dir='ltr'>atque</span> <span class='ocrx_word' id='word_1_76' title='bbox 1090 2018 1230 2093; x_wconf 88' lang='lat' dir='ltr'>morbi:</span> 
     </span>
    </p>
   </div>
   <div class='ocr_carea' id='block_1_5' title="bbox 371 2205 1189 2384">
    <p class='ocr_par' dir='ltr' id='par_1_5' title="bbox 371 2205 1189 2384">
     <span class='ocr_line' id='line_1_14' title="bbox 577 2205 1189 2286; baseline 0.002 -21"><span class='ocrx_word' id='word_1_77' title='bbox 577 2251 650 2269; x_wconf 88' lang='grc'><strong>......</strong></span> <span class='ocrx_word' id='word_1_78' title='bbox 675 2223 769 2266; x_wconf 88' lang='lat' dir='ltr'>casus</span> <span class='ocrx_word' id='word_1_79' title='bbox 784 2205 900 2283; x_wconf 93' lang='lat' dir='ltr'>apibus</span> <span class='ocrx_word' id='word_1_80' title='bbox 915 2225 1044 2286; x_wconf 87' lang='lat' dir='ltr'>quoque</span> <span class='ocrx_word' id='word_1_81' title='bbox 1060 2210 1189 2266; x_wconf 90' lang='lat' dir='ltr'>nostros</span> 
     </span>
     <span class='ocr_line' id='line_1_15' title="bbox 371 2302 601 2384; baseline 0.004 -21"><span class='ocrx_word' id='word_1_82' title='bbox 371 2302 446 2364; x_wconf 87' lang='lat' dir='ltr'>Vita</span> <span class='ocrx_word' id='word_1_83' title='bbox 460 2302 557 2384; x_wconf 90' lang='lat' dir='ltr'>tulit(</span> <span class='ocrx_word' id='word_1_84' title='bbox 579 2304 601 2384; x_wconf 88' lang='lat'>).</span> 
     </span>
    </p>
   </div>
   <div class='ocr_carea' id='block_1_6' title="bbox 307 2492 1346 2819">
    <p class='ocr_par' dir='ltr' id='par_1_6' title="bbox 307 2492 1346 2819">
     <span class='ocr_line' id='line_1_16' title="bbox 308 2492 1346 2590; baseline -0.001 -23"><span class='ocrx_word' id='word_1_85' title='bbox 308 2495 401 2567; x_wconf 90' lang='lat' dir='ltr'>Nam</span> <span class='ocrx_word' id='word_1_86' title='bbox 416 2499 455 2568; x_wconf 91' lang='lat' dir='ltr'>ut</span> <span class='ocrx_word' id='word_1_87' title='bbox 482 2492 643 2590; x_wconf 92' lang='lat' dir='ltr'>primum</span> <span class='ocrx_word' id='word_1_88' title='bbox 665 2493 815 2590; x_wconf 83' lang='lat' dir='ltr'>juvenci</span> <span class='ocrx_word' id='word_1_89' title='bbox 837 2516 999 2580; x_wconf 83' lang='lat' dir='ltr'>crevere,</span> <span class='ocrx_word' id='word_1_90' title='bbox 1027 2494 1165 2566; x_wconf 87' lang='lat' dir='ltr'>amoris</span> <span class='ocrx_word' id='word_1_91' title='bbox 1186 2492 1346 2567; x_wconf 88' lang='lat' dir='ltr'>stimulis</span> 
     </span>
     <span class='ocr_line' id='line_1_17' title="bbox 307 2606 1345 2713; baseline -0.001 -21"><span class='ocrx_word' id='word_1_92' title='bbox 307 2623 502 2693; x_wconf 83' lang='lat' dir='ltr'>vexantur.</span> <span class='ocrx_word' id='word_1_93' title='bbox 532 2618 588 2692; x_wconf 88' lang='lat' dir='ltr'>Fit</span> <span class='ocrx_word' id='word_1_94' title='bbox 613 2618 657 2691; x_wconf 91' lang='lat' dir='ltr'>de</span> <span class='ocrx_word' id='word_1_95' title='bbox 675 2617 812 2691; x_wconf 86' lang='lat' dir='ltr'>femina</span> <span class='ocrx_word' id='word_1_96' title='bbox 832 2606 1027 2713; x_wconf 63' lang='lat' dir='ltr'>proelium}</span> <span class='ocrx_word' id='word_1_97' title='bbox 1056 2618 1231 2701; x_wconf 82' lang='lat' dir='ltr'>cornibus</span> <span class='ocrx_word' id='word_1_98' title='bbox 1250 2618 1345 2692; x_wconf 90' lang='lat' dir='ltr'>inter</span> 
     </span>
     <span class='ocr_line' id='line_1_18' title="bbox 310 2744 783 2819; baseline 0.006 -5"><span class='ocrx_word' id='word_1_99' title='bbox 310 2766 349 2815; x_wconf 91' lang='lat' dir='ltr'>se</span> <span class='ocrx_word' id='word_1_100' title='bbox 370 2744 573 2819; x_wconf 84' lang='lat' dir='ltr'>decernunt</span> <span class='ocrx_word' id='word_1_101' title='bbox 588 2748 758 2817; x_wconf 89' lang='lat' dir='ltr'>amantes·</span> <span class='ocrx_word' id='word_1_102' title='bbox 773 2767 783 2817; x_wconf 74' lang='grc' dir='ltr'><strong>ι</strong></span> 
     </span>
    </p>
   </div>
   <div class='ocr_carea' id='block_1_7' title="bbox 359 2921 1326 3396">
    <p class='ocr_par' dir='ltr' id='par_1_7' title="bbox 359 2921 1326 3396">
     <span class='ocr_line' id='line_1_19' title="bbox 832 2921 1105 2983; baseline 0 0"><span class='ocrx_word' id='word_1_103' title='bbox 832 2967 935 2983; x_wconf 90' lang='grc'><strong>........</strong></span> <span class='ocrx_word' id='word_1_104' title='bbox 951 2921 1009 2983; x_wconf 92' lang='lat' dir='ltr'>sed</span> <span class='ocrx_word' id='word_1_105' title='bbox 1024 2922 1105 2983; x_wconf 86' lang='lat' dir='ltr'>alter</span> 
     </span>
     <span class='ocr_line' id='line_1_20' title="bbox 366 3020 1099 3101; baseline 0 -21"><span class='ocrx_word' id='word_1_106' title='bbox 366 3022 478 3084; x_wconf 82' lang='lat' dir='ltr'>Victus</span> <span class='ocrx_word' id='word_1_107' title='bbox 491 3022 571 3096; x_wconf 85' lang='lat' dir='ltr'>abit,</span> <span class='ocrx_word' id='word_1_108' title='bbox 583 3024 743 3101; x_wconf 86' lang='lat' dir='ltr'>longeque</span> <span class='ocrx_word' id='word_1_109' title='bbox 759 3020 878 3100; x_wconf 93' lang='lat' dir='ltr'>ignotis</span> <span class='ocrx_word' id='word_1_110' title='bbox 892 3020 1017 3081; x_wconf 84' lang='lat' dir='ltr'>exsulat</span> <span class='ocrx_word' id='word_1_111' title='bbox 1033 3021 1099 3080; x_wconf 89' lang='lat' dir='ltr'>oris</span> 
     </span>
     <span class='ocr_line' id='line_1_21' title="bbox 363 3119 1170 3201; baseline 0 -23"><span class='ocrx_word' id='word_1_112' title='bbox 363 3121 462 3182; x_wconf 84' lang='lat' dir='ltr'>Multa</span> <span class='ocrx_word' id='word_1_113' title='bbox 475 3140 608 3201; x_wconf 90' lang='lat' dir='ltr'>gemens</span> <span class='ocrx_word' id='word_1_114' title='bbox 623 3120 834 3198; x_wconf 89' lang='lat' dir='ltr'>ignominiam</span> <span class='ocrx_word' id='word_1_115' title='bbox 847 3120 1025 3198; x_wconf 87' lang='lat' dir='ltr'>plagasque</span> <span class='ocrx_word' id='word_1_116' title='bbox 1037 3119 1170 3196; x_wconf 90' lang='lat' dir='ltr'>superbi</span> 
     </span>
     <span class='ocr_line' id='line_1_22' title="bbox 361 3218 1326 3298; baseline 0 -21"><span class='ocrx_word' id='word_1_117' title='bbox 361 3219 509 3292; x_wconf 84' lang='lat' dir='ltr'>Victoris,</span> <span class='ocrx_word' id='word_1_118' title='bbox 526 3226 594 3280; x_wconf 92' lang='lat' dir='ltr'>tum</span> <span class='ocrx_word' id='word_1_119' title='bbox 608 3236 689 3297; x_wconf 90' lang='lat' dir='ltr'>quos</span> <span class='ocrx_word' id='word_1_120' title='bbox 702 3218 811 3278; x_wconf 88' lang='lat' dir='ltr'>amisit</span> <span class='ocrx_word' id='word_1_121' title='bbox 825 3218 948 3278; x_wconf 89' lang='lat' dir='ltr'>inultus</span> <span class='ocrx_word' id='word_1_122' title='bbox 963 3235 1105 3294; x_wconf 83' lang='lat' dir='ltr'>amores,</span> <span class='ocrx_word' id='word_1_123' title='bbox 1322 3285 1326 3298; x_wconf 34' lang='lat'><strong>⁴</strong></span> 
     </span>
     <span class='ocr_line' id='line_1_23' title="bbox 359 3315 1311 3396; baseline -0.002 -20"><span class='ocrx_word' id='word_1_124' title='bbox 359 3317 396 3376; x_wconf 86' lang='lat' dir='ltr'>Et</span> <span class='ocrx_word' id='word_1_125' title='bbox 409 3319 538 3379; x_wconf 89' lang='lat' dir='ltr'>stabula</span> <span class='ocrx_word' id='word_1_126' title='bbox 552 3318 745 3396; x_wconf 86' lang='lat' dir='ltr'>adspectans</span> <span class='ocrx_word' id='word_1_127' title='bbox 760 3316 870 3394; x_wconf 90' lang='lat' dir='ltr'>regnis</span> <span class='ocrx_word' id='word_1_128' title='bbox 880 3315 1018 3376; x_wconf 85' lang='lat' dir='ltr'>excessit</span> <span class='ocrx_word' id='word_1_129' title='bbox 1031 3316 1128 3376; x_wconf 87' lang='lat' dir='ltr'>avitis</span> <span class='ocrx_word' id='word_1_130' title='bbox 1145 3315 1186 3396; x_wconf 78' lang='lat'>(7)</span> <span class='ocrx_word' id='word_1_131' title='bbox 1202 3361 1209 3376; x_wconf 91' lang='lat'><strong>.</strong></span> <span class='ocrx_word' id='word_1_132' title='bbox 1307 3331 1311 3340; x_wconf 62' lang='lat'>¹</span> 
     </span>
    </p>
   </div>
   <div class='ocr_carea' id='block_1_8' title="bbox 293 3501 1331 3714">
    <p class='ocr_par' dir='ltr' id='par_1_8' title="bbox 293 3501 1331 3714">
     <span class='ocr_line' id='line_1_24' title="bbox 294 3501 1331 3598; baseline 0.002 -22"><span class='ocrx_word' id='word_1_133' title='bbox 294 3503 452 3579; x_wconf 86' lang='lat' dir='ltr'>Releotis</span> <span class='ocrx_word' id='word_1_134' title='bbox 465 3512 589 3581; x_wconf 89' lang='lat' dir='ltr'>autem</span> <span class='ocrx_word' id='word_1_135' title='bbox 602 3504 742 3579; x_wconf 87' lang='lat' dir='ltr'>viribus</span> <span class='ocrx_word' id='word_1_136' title='bbox 756 3503 981 3598; x_wconf 81' lang='lat' dir='ltr'>collectoque</span> <span class='ocrx_word' id='word_1_137' title='bbox 994 3502 1126 3578; x_wconf 90' lang='lat' dir='ltr'>robore</span> <span class='ocrx_word' id='word_1_138' title='bbox 1141 3501 1276 3577; x_wconf 92' lang='lat' dir='ltr'>iterum</span> <span class='ocrx_word' id='word_1_139' title='bbox 1295 3504 1331 3578; x_wconf 92' lang='lat' dir='ltr'>in</span> 
     </span>
     <span class='ocr_line' id='line_1_25' title="bbox 293 3630 597 3714; baseline 0.003 -11"><span class='ocrx_word' id='word_1_140' title='bbox 293 3630 438 3714; x_wconf 86' lang='lat' dir='ltr'>hostem</span> <span class='ocrx_word' id='word_1_141' title='bbox 458 3630 597 3705; x_wconf 79' lang='lat' dir='ltr'>fertur:</span> 
     </span>
    </p>
   </div>
   <div class='ocr_carea' id='block_1_9' title="bbox 298 3844 682 4452">
    <p class='ocr_par' dir='ltr' id='par_1_9' title="bbox 328 3844 682 4007">
     <span class='ocr_line' id='line_1_26' title="bbox 330 3844 682 3917; baseline 0.003 -18"><span class='ocrx_word' id='word_1_142' title='bbox 330 3844 370 3917; x_wconf 81' lang='grc' dir='ltr'>(ι)</span> <span class='ocrx_word' id='word_1_143' title='bbox 389 3845 465 3901; x_wconf 74' lang='lat' dir='ltr'>aen.</span> <span class='ocrx_word' id='word_1_144' title='bbox 486 3845 538 3912; x_wconf 84' lang='grc' dir='ltr'><strong>ιιι,</strong></span> <span class='ocrx_word' id='word_1_145' title='bbox 552 3845 682 3901; x_wconf 78' lang='lat' dir='ltr'>loa-lor.</span> 
     </span>
     <span class='ocr_line' id='line_1_27' title="bbox 328 3935 650 4007; baseline 0 -17"><span class='ocrx_word' id='word_1_146' title='bbox 328 3935 367 4007; x_wconf 78' lang='lat' dir='ltr'>(a)</span> <span class='ocrx_word' id='word_1_147' title='bbox 379 3937 455 3991; x_wconf 80' lang='lat' dir='ltr'>nen.</span> <span class='ocrx_word' id='word_1_148' title='bbox 473 3936 496 4004; x_wconf 91' lang='lat'>1,</span> <span class='ocrx_word' id='word_1_149' title='bbox 512 3935 650 3991; x_wconf 76' lang='lat' dir='ltr'>rar-435.</span> 
     </span>
    </p>

    <p class='ocr_par' dir='ltr' id='par_1_10' title="bbox 298 4023 661 4452">
     <span class='ocr_line' id='line_1_28' title="bbox 298 4023 632 4096; baseline 0 -18"><span class='ocrx_word' id='word_1_150' title='bbox 298 4064 301 4068; x_wconf 90' lang='lat'>.</span> <span class='ocrx_word' id='word_1_151' title='bbox 326 4023 365 4096; x_wconf 82' lang='grc'>(3)</span> <span class='ocrx_word' id='word_1_152' title='bbox 381 4025 416 4080; x_wconf 82' lang='lat' dir='ltr'>o.</span> <span class='ocrx_word' id='word_1_153' title='bbox 435 4025 487 4093; x_wconf 82' lang='lat' dir='ltr'>iv,</span> <span class='ocrx_word' id='word_1_154' title='bbox 505 4025 632 4081; x_wconf 82' lang='lat' dir='ltr'>rao-rar.</span> 
     </span>
     <span class='ocr_line' id='line_1_29' title="bbox 326 4113 661 4184; baseline 0 -17"><span class='ocrx_word' id='word_1_155' title='bbox 326 4113 363 4184; x_wconf 78' lang='lat' dir='ltr'>(n</span> <span class='ocrx_word' id='word_1_156' title='bbox 377 4114 454 4170; x_wconf 75' lang='lat' dir='ltr'>aen.</span> <span class='ocrx_word' id='word_1_157' title='bbox 468 4114 521 4180; x_wconf 83' lang='grc' dir='ltr'>ιν,</span> <span class='ocrx_word' id='word_1_158' title='bbox 534 4116 661 4172; x_wconf 73' lang='lat' dir='ltr'>sao-aar.</span> 
     </span>
     <span class='ocr_line' id='line_1_30' title="bbox 324 4201 631 4274; baseline 0.003 -17"><span class='ocrx_word' id='word_1_159' title='bbox 324 4201 362 4274; x_wconf 83' lang='lat'>(5)</span> <span class='ocrx_word' id='word_1_160' title='bbox 376 4204 412 4258; x_wconf 87' lang='lat' dir='ltr'>o.</span> <span class='ocrx_word' id='word_1_161' title='bbox 431 4205 483 4269; x_wconf 89' lang='grc' dir='ltr'><strong>ιιι,</strong></span> <span class='ocrx_word' id='word_1_162' title='bbox 500 4204 631 4260; x_wconf 73' lang='lat' dir='ltr'>neo-530.</span> 
     </span>
     <span class='ocr_line' id='line_1_31' title="bbox 325 4290 630 4364; baseline 0 -16"><span class='ocrx_word' id='word_1_163' title='bbox 325 4290 362 4364; x_wconf 84' lang='lat' dir='ltr'>(a)</span> <span class='ocrx_word' id='word_1_164' title='bbox 379 4295 416 4349; x_wconf 83' lang='lat' dir='ltr'>a.</span> <span class='ocrx_word' id='word_1_165' title='bbox 433 4293 483 4359; x_wconf 87' lang='lat' dir='ltr'>ru,</span> <span class='ocrx_word' id='word_1_166' title='bbox 501 4294 630 4349; x_wconf 75' lang='lat' dir='ltr'>eur-ese.</span> 
     </span>
     <span class='ocr_line' id='line_1_32' title="bbox 324 4380 624 4452; baseline 0.017 -19"><span class='ocrx_word' id='word_1_167' title='bbox 324 4380 361 4452; x_wconf 77' lang='lat' dir='ltr'>p)</span> <span class='ocrx_word' id='word_1_168' title='bbox 377 4383 412 4437; x_wconf 87' lang='lat' dir='ltr'>o.</span> <span class='ocrx_word' id='word_1_169' title='bbox 428 4382 480 4452; x_wconf 87' lang='grc' dir='ltr'><strong>ιιι,</strong></span> <span class='ocrx_word' id='word_1_170' title='bbox 496 4383 624 4439; x_wconf 75' lang='lat' dir='ltr'>ael-raa</span> 
     </span>
    </p>
   </div>
   <div class='ocr_carea' id='block_1_10' title="bbox 0 0 1636 5430">
    <p class='ocr_par' dir='ltr' id='par_1_11' title="bbox 0 0 1636 5430">
     <span class='ocr_line' id='line_1_33' title="bbox 0 0 1636 5430; baseline 0 11"><span class='ocrx_word' id='word_1_171' title='bbox 0 0 1636 5430; x_wconf 95' lang='lat' dir='ltr'> </span> 
     </span>
    </p>
   </div>
  </div>
 </body>
</html>
