3262 5430
722 469 921 537 -issd—

351 621 489 686 Saucius
510 616 564 677 ille
581 615 671 695 gravi
685 618 862 674 venantum
878 615 1010 675 vulnere
1023 621 1137 695 pectus

352 722 430 780 Tum
451 718 583 778 demum
596 717 704 774 movet
719 729 809 772 arma
821 711 882 786 lec,
901 713 1085 792 gaudetque
1101 724 1268 780 comantes
1285 752 1289 765 ι
1341 740 1344 745 ·

352 815 526 878 Excutiens
535 814 658 874 cervice
670 817 772 883 toros,
786 810 950 888 fixumque
964 812 1101 875 latronis

352 913 539 995 Impavidus
552 911 671 990 frangit
685 909 796 984 telum,
812 915 844 970 et
858 910 967 970 fremit
977 930 1031 972 ore
1047 918 1182 974 cruento
1198 913 1255 996 (1).

292 1103 479 1187 Morituris
496 1106 671 1207 plaudis?
686 1105 782 1193 Quin
802 1106 1009 1179 viventibus
1028 1108 1234 1204 parcebas?

344 1239 418 1311 Hoc
431 1236 544 1322 enim,
560 1233 648 1306 licet
666 1230 775 1304 variae
787 1231 873 1321 sint,
890 1230 1098 1327 significant
1114 1255 1243 1307 omnes
1257 1235 1332 1309 illae

294 1362 531 1435 morientium
568 1356 848 1452 descriptiones.
884 1355 963 1428 Huc
995 1358 1107 1430 etiam
1127 1361 1258 1452 tendit,
1288 1387 1334 1436 ex.

293 1486 579 1585 Pythagoreicis,
601 1483 801 1557 Platonicis
814 1483 1020 1580 Stoicisque
1035 1488 1227 1584 praeceptis
1249 1514 1335 1564 con-

198 1590 202 1595 ·
296 1612 395 1700 flata,
418 1611 511 1685 ratio
527 1634 598 1706 qua
612 1632 722 1682 unam
739 1632 820 1682 esse
848 1613 1065 1684 cunctorum
1084 1613 1331 1689 animantium

297 1737 493 1833 originem,
527 1734 652 1808 omnia
677 1758 721 1807 ex
761 1733 891 1834 eodem
918 1735 1023 1829 quasi
1039 1742 1142 1811 utero
1158 1739 1272 1830 nasci,
1294 1740 1332 1813 in

228 1868 232 1879 '
291 1861 389 1935 idem
421 1859 604 1954 gremium
635 1860 895 1956 postmortem
923 1860 1120 1954 confugere
1163 1864 1334 1960 exposuit

292 1985 491 2081 Vergilius.
516 1985 584 2072 Qui
612 1982 799 2080 sapienter
822 2007 905 2055 cum
932 2007 1018 2057 aves
1033 1987 1187 2061 deorum
1219 1989 1333 2062 inter-

293 2122 414 2212 pretes
431 2138 513 2187 esse
537 2136 577 2185 ac
612 2111 788 2184 divinitus
818 2110 974 2184 ominari
989 2110 1168 2186 infitiatus
1184 2120 1238 2188 esi
1271 2117 1331 2214 (ἓ),

299 2224 373 2312 ¹um
392 2238 590 2333 unicuique
604 2235 730 2309 bestia
756 2235 920 2331 aliquam
941 2236 1161 2332 particulam
1197 2243 1332 2316 mentis

294 2365 429 2437 divinae
441 2363 659 2437 etaetherios
681 2362 835 2434 haustus
855 2384 936 2434 esse
952 2361 1075 2435 docuit
1091 2363 1136 2460 (3)
1158 2392 1168 2437 ε

548 2594 636 2613 .......
654 2549 750 2611 deum
766 2566 906 2627 namque
922 2548 969 2609 ire
984 2567 1043 2628 per
1054 2552 1173 2628 omnia,

356 2654 547 2729 'serrasque
565 2653 751 2726 tractusque
767 2646 878 2721 maris
908 2638 1088 2724 caelumque
1114 2651 1333 2728 protundum3

355 2751 436 2810 Hinc
449 2748 605 2828 pecudes,
619 2750 777 2820 armenta,
788 2745 888 2820 viroS,
898 2763 1001 2824 genus
1016 2749 1281 2825 emesenorum,

357 2848 523 2925 Quemque
540 2845 600 2906 sibi
614 2850 728 2906 tenues
739 2848 930 2905 nascentem
945 2861 1112 2905 arcessere
1127 2847 1211 2908 vitas
1224 2863 1231 2924 ;

355 2946 484 3006 Scilicet
499 2945 562 3006 huc
575 2943 667 3004 reddi
683 2942 802 3004 deinde
817 2961 854 3004 ac
867 2943 1011 3003 resoluta
1021 2944 1145 3004 referri*
1181 2935 1185 2947 '

356 3043 480 3117 Omnia,
493 3060 551 3104 nec
567 3043 663 3103 morti
678 3060 750 3103 esse
764 3043 883 3116 locum,
901 3041 959 3101 sed
974 3041 1048 3102 viva
1058 3043 1168 3106 volare

357 3141 478 3202 Sideris
495 3141 528 3200 in
543 3159 714 3202 numerum
727 3145 826 3220 atque
842 3140 908 3201 alto
922 3138 1096 3200 succedere
1112 3143 1190 3203 caelo
1207 3142 1216 3224 (
1241 3144 1263 3226 i.

298 3340 398 3413 idem
414 3338 565 3412 inserto
580 3336 839 3414 AEuctdtslibro
850 3337 1096 3443 confidentius
1108 3340 1306 3414 affirmavit
1322 3365 1332 3414 τ

333 3598 369 3672 (t)
385 3599 462 3655 Aen.
476 3599 540 3670 XII,
560 3598 617 3656 4-8.

336 3688 374 3761 (t)
390 3689 426 3743 G.
442 3688 466 3755 1,
480 3688 613 3745 tta-422.

335 3777 371 3849 (3)
394 3777 429 3833 G.
448 3776 500 3844 IV,
518 3777 646 3834 ate-tar.
663 3777 708 3835 Oi.
732 3779 840 3844 Arist,
863 3777 902 3835 de
919 3779 1030 3837 Gener.
1051 3781 1165 3847 Anim.,
1178 3780 1231 3848 111,
1250 3781 1264 3852 ξ
1281 3782 1312 3837 to
1331 3800 1338 3835 :

299 3864 332 3919 οὐ
353 3862 404 3939 γὰρ
428 3862 536 3940 ἔχουσιν
557 3870 672 3940 (vespae
694 3873 788 3941 atque
802 3867 983 3941 crabrones)
999 3867 1076 3923 οὐθὲν
1102 3869 1185 3938 θεῖον,
1203 3865 1294 3943 ὥσπερ
1307 3869 1339 3922 τὸ

297 3953 373 4028 γένος
388 3959 441 4009 τῶν
465 3952 610 4030 μελιττῶν.
626 3957 734 4030 Neque
755 3961 860 4014 tamen
886 3961 1013 4014 omnino
1034 3958 1118 4014 idem
1133 3965 1196 4026 est;
1216 3959 1340 4015 Aristo-

296 4046 375 4102 teles
391 4046 485 4116 enim,
498 4045 584 4119 quod
599 4063 673 4118 apes
688 4047 755 4101 sine
769 4045 835 4102 ullo
853 4051 939 4104 coitu
953 4050 1038 4104 nasci
1053 4045 1340 4120 credit,'Vergiiius

298 4141 415 4200 autem,
432 4135 516 4207 quod
531 4151 584 4192 eas
599 4134 808 4208 intelligentia
827 4151 863 4191 ac
881 4139 1053 4194 virtutibus
1066 4135 1220 4194 excellere
1236 4140 1340 4194 existi·

301 4228 376 4293 mat,
390 4222 511 4295 aliquid
526 4225 623 4281 divini
639 4228 670 4282 in
685 4225 728 4281 eis
744 4223 875 4281 invenit.

337 4312 375 4384 (i)
390 4312 426 4369 G.
443 4314 493 4380 IV,
510 4313 635 4372 ‘tat-tat.
