3262 5430
793 559 967 643 ..ciffi

356 702 581 780 umbriferas
607 726 717 800 rupes
764 708 799 776 et
834 679 995 784 ¹arbores
1025 703 1170 802 patulas
1207 686 1395 795 subigunt,

344 832 479 928 ⁴quoad
493 813 742 926 refrigeratur.
764 828 857 903 Aere
876 830 1086 927 vespertino
1102 811 1231 904 rursus
1245 808 1399 925 pascunt

360 959 406 1031 ad
420 957 510 1031 solis
530 980 762 1045 occasum...
785 955 838 1028 ab
849 978 978 1029 occasu
1004 979 1117 1052 parvo
1131 951 1327 1027 intervallo
1343 950 1398 1022 in-

358 1081 537 1180 terposito
551 1082 597 1154 ad
612 1059 1015 1177 bibendumad'pellunt
1030 1084 1064 1153 et
1081 1103 1209 1178 rursus
1230 1077 1398 1175 pascunt,

186 1286 228 1298 Μ
295 1269 300 1279 .
351 1205 768 1302 quaad'contenebrevit
790 1200 890 1303 (1).»
912 1201 1300 1292 Pecuariumaudisli3
1323 1201 1428 1297 pic.·.'
1473 1199 1476 1206 ’

184 1405 188 1412 .
264 1392 265 1395 ,
345 1337 477 1410 locem
495 1355 592 1405 nunc
610 1331 784 1404 attende:
915 1368 952 1407 a
1037 1327 1039 1331 ⁴
1351 1351 1354 1357 ’

420 1514 460 1571 At
476 1529 551 1572 rcro
564 1511 801 1592 Zephyriscum
812 1511 886 1572 laeta
900 1510 1091 1571 vocantibus
1106 1515 1214 1569 aestas'

417 1611 454 1670 In
471 1610 572 1670 saltus
584 1615 761 1688 utrumque·
774 1600 906 1690 gregem
917 1614 1013 1688 atque
1027 1609 1196 1686 in-pascua
1209 1599 1326 1684 mittet,
1394 1615 1399 1622 ’
1419 1634 1421 1638 ⁴

361 1763 364 1768 .
418 1707 557 1771 Luciferi
570 1709 676 1786 primo
688 1726 761 1768 cum
776 1708 883 1774 sidere
898 1706 1017 1788 frigida
1032 1725 1110 1768 rura

394 1819 398 1827 ·
419 1807 608 1884 CarpamuS,
624 1807 701 1867 dum
714 1824 809 1867 mane
825 1825 956 1880 novum,
975 1805 1050 1866 dum
1067 1805 1214 1884 gramina
1228 1809 1358 1880 canent,

419 1905 457 1966 lit
472 1923 526 1965 ros
541 1905 574 1963 in
590 1909 704 1966 tenera
712 1906 826 1983 pecori
842 1891 1049 1984 gratissimus
1063 1903 1177 1988 herba.

315 1992 317 1996 ⁴
360 2004 363 2011 '
419 2001 497 2062 Inde
514 2001 569 2062 ubi
579 2008 695 2080 quarta
710 2002 798 2063 sitim
812 2003 880 2064 eecli
895 2002 1063 2081 collegerit
1076 2002 1168 2077 hora,

308 2109 309 2113 ’
416 2100 464 2161 Ad
480 2104 596 2178 puteos
611 2085 666 2161 aut
677 2099 743 2162 alta
758 2119 873 2180 greges
882 2092 929 2160 ad
942 2085 1058 2178 stagna
1070 2099 1193 2176 jubebo

400 2191 1191 2278 'Currentemilignispotarecanalibusundam3
1242 2235 1244 2240 -
1288 2193 1293 2201 “
1332 2263 1364 2280 5
1429 2269 1432 2274 Ι

417 2296 562 2357 AEstibus
586 2301 619 2356 at
629 2297 745 2358 mediis
759 2282 945 2359 umbrosam
962 2297 1132 2375 exquirere
1148 2295 1275 2370 vallem,
1289 2369 1299 2382 ι.
1329 2367 1331 2371 y

329 2448 331 2454 ,
384 2455 387 2461 ,
417 2394 526 2456 Sicubi
542 2413 661 2474 magna
675 2394 765 2456 iovis
779 2397 913 2474 antiquo
928 2396 1043 2456 robore
1060 2412 1199 2473 quercus

387 2479 392 2488 ⁸
415 2494 568 2570 ingentes
582 2492 693 2553 tendat
708 2512 827 2568 ramos
842 2499 899 2555 aut
914 2493 1017 2555 sicubi
1033 2493 1175 2572 nigrum-

418 2589 549 2651 llicibus
560 2590 682 2650 crebris
696 2609 788 2652 sacra
805 2609 920 2653 nemus
936 2591 1073 2653 accubat
1084 2589 1199 2651 umbra
1210 2593 1223 2663 ;'
1241 2655 1245 2663 ,

418 2689 496 2748 Tum
514 2694 629 2749 tenues
640 2690 716 2751 dare
733 2709 847 2751 rursus
861 2709 975 2769 aquas,
993 2696 1021 2750 et
1034 2707 1169 2768 pascere
1184 2704 1298 2747 rursus

407 2785 499 2846 ³Solis
511 2786 551 2847 ad
568 2804 728 2862 occasum,
746 2807 818 2848 cum
835 2788 972 2868 frigidus
987 2806 1063 2850 aera
1077 2804 1192 2865 vesper

418 2885 603 2962 Temperat,
621 2891 652 2946 et
666 2886 767 2947 saltus
781 2887 885 2948 reficit
897 2887 966 2964 J'am
980 2884 1109 2947 roscida
1122 2886 1210 2957 luna,
1270 2965 1274 2972 ¹

418 2983 590 3061 Litoraque
606 2984 773 3064 alcyonem
785 2992 950 3060 resonant,
962 2983 1169 3046 acalanthida
1180 2982 1269 3042 dumi
1285 2981 1341 3063 (ᾖ).

360 3185 456 3274 Quid
476 3188 587 3261 referi
602 3215 686 3264 eum
703 3198 774 3263 eta
802 3191 967 3263 Varrone
987 3195 1168 3287 praeapte
1194 3189 1402 3262 eta'llreo-

361 3305 453 3385 crito
474 3313 523 3409 (3)
548 3338 659 3387 unam
673 3319 733 3388 aul
755 3314 908 3387 alteram
931 3314 1246 3389 sententiamesse
1260 3321 1401 3386 mutua-

362 3437 465 3510 tum?
481 3437 679 3534 Tripartila
695 3439 833 3528 tabula,
849 3440 887 3511 in
902 3465 973 3535 qua
986 3464 1047 3512 rus
1067 3439 1238 3512 aestivum
1259 3446 1295 3511 et
1307 3461 1401 3510 novo
1425 3504 1431 3513 ,,

363 3577 469 3635 mane
490 3564 657 3638 etmedio
668 3568 759 3637 astu
775 3571 810 3637 et
826 3566 946 3661 primo
962 3588 1113 3662 vespere
1129 3546 1398 3669 nobis-arridet,

362 3686 518 3781 Vergilii
531 3712 616 3761 vere
634 3694 711 3763 tota
726 3694 795 3763 est.

399 3937 437 4009 (l)
451 3940 522 3994 Rer.
538 3941 665 4008 Rasna,
685 3939 739 3996 lib.
756 3941 793 4010 11,
807 3941 869 4013 11,§
889 3942 978 3998 iil-ll.
1003 3997 1004 4000 ,
1020 3996 1021 3999 ,

399 4025 437 4097 (2)
452 4026 488 4082 G.
504 4028 556 4095 lll,
572 4028 703 4086 art-338.
719 4028 791 4086 lllos
811 4047 923 4087 versus
936 4029 1126 4103 Calpurnius
1143 4028 1211 4102 (Eg.
1227 4027 1264 4100 V)
1285 4027 1401 4100 repeti·

364 4117 421 4178 vit,
438 4115 552 4171 callida
571 4117 705 4190 quidem,
721 4121 924 4193 exquisitiore
938 4134 1012 4175 vero
1029 4122 1116 4174 arte:
1176 4160 1179 4166 .

482 4205 594 4270 'Frigida
606 4209 739 4257 nocturno
749 4207 892 4272 tinguntur
906 4212 1008 4272 pascua
1027 4221 1096 4269 rore,

489 4286 522 4335 Et
536 4287 676 4336 matutinae
694 4287 787 4338 lucent
799 4289 827 4337 in
841 4288 961 4352 gramine
979 4290 1072 4352 gutta,
1089 4290 1152 4338 etc.'

314 4327 318 4337 Ι
403 4371 441 4445 (3)
457 4373 525 4442 Vll,
546 4376 619 4434 lta
