3262 5430
722 498 901 564 ...12-

290 636 406 714 libros
422 638 555 730 diviso,
580 663 658 715 rem
678 639 873 715 ordinavit.
909 630 984 712 Nee
1013 637 1190 713 Varronis
1225 655 1333 736 opus,
1380 703 1382 708 .

291 788 388 841 enno
432 789 566 840 nuuxrx
607 765 768 856 editum,
802 765 849 839 ad
890 763 1126 861 suscipienda
1154 767 1332 858 Georqico,

293 915 372 987 quae
399 914 499 966 anno
536 915 693 966 nccxxvr
744 890 842 965 edita
867 913 947 963 esse
968 884 1132 964 ereditur
1147 890 1215 986 (Ι),
1233 888 1336 986 parvi
1358 972 1361 978 .

292 1016 470 1094 momenti
498 1016 612 1089 luisse
625 1015 703 1089 veri
722 1015 843 1090 simile
873 1019 940 1088 est.
971 1012 1116 1087 lnstitui
1151 1020 1338 1087 certamen

293 1142 445 1214 credas:
470 1164 534 1214 seu
554 1165 643 1214 arva
661 1145 745 1214 ante
762 1141 891 1214 lovem
919 1138 1065 1213 anullis
1088 1138 1230 1212 colonis
1253 1138 1338 1212 sub·

200 1271 202 1274 ’
248 1343 250 1347 ,
292 1266 454 1362 actatt),
495 1289 560 1338 seu
589 1271 754 1340 veterum
774 1263 996 1338 Sabinorum
1016 1265 1339 1357 Romanorumque

292 1391 404 1463 vitam
421 1391 490 1486 (3),
514 1414 577 1464 seu
603 1390 715 1463 ltaliae
745 1389 971 1463 fertilitatem
1007 1390 1075 1484 (t),
1092 1378 1163 1461 'seu
1180 1385 1339 1483 denique

293 1515 434 1611 Corycii
456 1515 554 1587 senis
575 1516 722 1589 hortum
757 1515 808 1608 (5)
828 1514 940 1602 canit,
975 1514 1133 1587 Varroni
1153 1510 1339 1607 Vergilius

292 1640 500 1713 emulatur.
518 1641 569 1712 De
596 1638 819 1712 animalibus
847 1637 1055 1735 prasertim
1082 1637 1127 1711 ab
1146 1661 1200 1712 eo.
1221 1637 1339 1711 multa

294 1764 454 1860 sumpsit
478 1789 558 1860 quae
578 1763 874 1852 commendaret3
897 1761 934 1833 in
970 1761 1051 1835 loco
1079 1743 1156 1835 haee
1176 1761 1338 1857 singilla-

297 1889 363 1962 tim
379 1888 682 1963 memorabimus.

344 2010 542 2105 Praeteritis
562 2016 684 2085 autem
702 2012 956 2108 Theophrasto
973 2010 1274 2106 Democritoque‚
1295 2035 1338 2084 ex
1436 2088 1440 2095 ,

296 2136 427 2232 quibus
448 2158 522 2208 non
543 2134 659 2224 nulla,
675 2121 749 2208 nsed
775 2158 818 2208 ea
846 2159 926 2230 quae
952 2136 998 2207 ad
1028 2158 1199 2231 agrorum
1234 2135 1339 2208 arbo·

294 2284 450 2357 rumque
470 2260 610 2335 cultum
627 2259 867 2356 pertinerent,
896 2260 934 2332 in
955 2264 1117 2352 Georqteu
1131 2260 1339 2333 manavisse

295 2399 451 2499 constat,
481 2393 645 2467 earmina
665 2399 702 2465 et
721 2392 821 2465 Arati
845 2417 925 2488 quae
944 2392 1201 2467 inscribuntur
1220 2382 1340 2461 Φαῐνό-

294 2530 453 2621 peruuart
479 2530 656 2620 Arosapen
695 2533 731 2600 et
772 2526 946 2599 Nicandri
978 2551 1058 2622 quae
1088 2525 1342 2600 inscribuntur
1381 2580 1384 2587 ,

295 2659 450 2762 Θηριᾳκά
470 2661 503 2735 ei
536 2662 581 2735 de
607 2660 773 2734 moribus
804 2661 1022 2735 animalium
1043 2660 1245 2756 inquirenti
1262 2659 1339 2732 ali-

297 2787 384 2881 quid
402 2786 529 2860 auxilii
557 2785 734 2860 tulerunt.
758 2787 862 2898 Quod
888 2792 1028 2875 eontra,
1063 2784 1172 2857 iniis
1200 2810 1280 2881 quae
1296 2784 1340 2857 de

86 2972 88 2978 .
204 3005 208 3008 ᾖ
297 2897 472 2987 Nicandri
503 2915 672 3006 Georpiu's
702 2916 913 3008 supersunt,
945 2911 1039 2984 nihil
1067 2911 1222 3007 reperiri
1242 2911 1339 3007 quod

297 3039 377 3134 ejus
396 3037 700 3112 versibus‘simile
719 3038 780 3125 sit,
802 3039 1096 3110 demonstratum
1115 3039 1172 3107 est
1185 3035 1252 3131 (6);
1276 3058 1342 3107 nee

298 3164 492 3260 quisquam
519 3186 603 3268 eum
624 3162 839 3236 Menecratis
861 3161 1024 3234 earmina
1040 3162 1085 3233 de
1104 3158 1182 3255 agri
1198 3159 1342 3233 cultura

298 3287 513 3384 apibusque¹
534 3310 643 3360 usum
686 3309 768 3359 esse
807 3287 1062 3360 demonstrare
1090 3290 1231 3382 potest,
1258 3308 1341 3357 eum

298 3437 407 3487 nemo
433 3437 531 3487 nunu
551 3414 619 3486 hoe
647 3435 795 3486 carmen
829 3412 975 3486 noverit
1000 3435 1119 3507 neque
1139 3432 1342 3505 unquama

336 3681 374 3754 (Ι)
391 3680 436 3738 Os.
453 3682 489 3738 G.
505 3681 652 3753 Boissier,
667 3683 768 3736 Etude
783 3697 840 3736 sur
855 3682 883 3734 ta
894 3679 939 3734 vie
954 3685 984 3735 et
998 3682 1039 3734 les
1049 3695 1196 3748 ouvraqea
1208 3682 1244 3733 de
1266 3666 1341 3732 Var-¹

241 3775 243 3778 ‘
301 3786 369 3838 ron,
383 3787 412 3842 p.
430 3770 464 3826 54
480 3775 512 3826 et
527 3769 591 3826 367.
757 3801 760 3807 ι

337 3857 375 3931 (Ι)
389 3859 424 3914 G.
441 3859 465 3925 Ι,
482 3858 609 3914 lto-llo.
626 3858 714 3914 Varr.
734 3857 812 3914 :un
824 3857 862 3923 11,
879 3870 900 3926 1,
914 3856 927 3928 ἓ
943 3857 1006 3922 3-4;
1024 3855 1077 3910 lib.
1096 3855 1147 3922 ΙΙΙ,
1165 3868 1185 3923 1,
1199 3853 1214 3926 ἓ
1227 3855 1252 3909 Ι.
1270 3853 1335 3908 Lu·
1392 3844 1395 3849 ’

300 3949 400 4018 eretio
410 3963 536 4019 quoque
551 3947 601 4001 hie
617 3952 709 4018 poeta
724 3944 943 4001 aemulabatur.
1468 3963 1483 3973 ‘

338 4034 378 4106 (3)
392 4037 428 4091 G.
445 4035 483 4100 ll,
501 4034 637 4091 531-539.
657 4034 747 4090 Varr.
763 4049 770 4089 :
786 4032 841 4088 lib.
856 4032 894 4101 ΙΙ,
912 4046 933 4098 1,
949 4032 963 4104 ς
978 4035 1034 4088 t-5.

338 4123 378 4196 (Ι)
395 4125 430 4179 G.
452 4124 489 4189 ΙΙ,
506 4123 637 4181 135-175.
653 4123 743 4179 Varr.
763 4141 769 4179 ;
786 4121 841 4178 lib.
860 4122 881 4188 l,
899 4134 932 4188 11,
952 4121 1051 4192 §3-11.

339 4211 376 4284 (5)
396 4213 432 4268 G.
448 4211 497 4280 lV,
512 4211 637 4266 llo-ua.
658 4211 749 4279 Varr.
765 4230 771 4266 :
786 4210 841 4265 lib.
859 4209 1110 4281 111,xv1,§lo·ll.

341 4298 378 4371 (u)
395 4298 441 4354 Ol.
456 4299 483 4354 J.
509 4315 569 4354 van
586 4298 806 4370 Wageningen
823 4317 828 4352 :
849 4300 891 4352 De
916 4299 1040 4367 Verqitti
1053 4297 1217 4366 Georqicia.
