3262 5430
756 551 799 563 ..
824 514 866 581 76
892 551 935 566 .-

328 661 373 734 ab
393 607 605 732 hominibus
621 655 667 728 ad
691 654 829 728 bellum
856 656 1054 729 instructas
1079 655 1177 728 etin
1203 652 1366 726 hostium

328 783 544 876 exereitum,
567 780 684 854 multo
703 779 895 854 ductorum
911 778 1089 876 periculo,
1111 778 1260 866 missaS,
1281 776 1367 850 circi
1485 768 1492 773 ”

328 917 364 987 et
379 911 459 1007 ipse
478 928 633 997 memor,
658 904 880 1001 descripsit:
928 970 930 975 .

391 1087 429 1147 Et
443 1085 567 1146 validos
582 1085 701 1163 partim
715 1104 782 1163 prae
797 1104 832 1147 se
847 1069 966 1147 misere
981 1086 1132 1147 leones...
1247 1125 1248 1128 κ

388 1183 555 1244 Terrificas
567 1184 707 1260 capitum
719 1183 905 1261 quatientes
920 1185 1064 1262 undique
1078 1182 1247 1243 cristas...

389 1283 519 1343 irritata
533 1282 589 1341 leae
603 1281 768 1358 jaciebant
781 1300 919 1360 corpora
932 1285 1055 1344 saltu...

389 1382 604 1458 Deplexaeque
620 1379 743 1440 dabant
757 1381 790 1439 in
804 1386 924 1442 terram
935 1382 1068 1442 vulnere
1080 1380 1196 1453 victos,

390 1479 550 1540 Morsibus
566 1477 683 1538 adfixae
698 1478 815 1539 validis
826 1488 923 1559 atque
937 1479 1101 1559 unguibus
1116 1478 1220 1539 uncis.
1339 1515 1341 1536 2
1441 1527 1444 1532 .

387 1577 624 1654 iactabantque
638 1595 715 1638 suos
727 1578 813 1638 tauri
826 1578 1032 1657 pedibusque
1049 1576 1201 1637 terebant

389 1676 427 1735 Et
440 1674 543 1735 latera
554 1678 585 1734 et
601 1679 732 1734 ventres
748 1674 923 1735 hauribant
938 1673 1050 1735 subter
1072 1690 1230 1750 equorum

294 1840 298 1844 ,
388 1772 546 1834 Cornibus
562 1777 594 1832 et
609 1775 728 1832 terram
745 1773 907 1833 minitanti
918 1773 1024 1833 fronte
1039 1771 1187 1832 ruebant.
1237 1851 1239 1856 Ι

389 1873 427 1931 Et
439 1871 555 1931 validis
571 1871 677 1930 socios
693 1870 862 1931 cedebant
874 1869 1027 1931 dentibus
1042 1869 1154 1948 apri...

388 1971 470 2030 Nam
486 1973 674 2030 transversa
688 1956 775 2030 feros
796 1956 1055 2030 exibant'den'tis
1068 1966 1203 2027 adactus

387 2068 540 2128 lumenta
553 2071 608 2128 aut
623 2066 761 2146 pedibus
777 2071 891 2128 ventos
902 2064 1212 2144 erectapetebant...
1233 2062 1288 2144 (l).

376 2257 494 2344 Quare
525 2254 757 2330 describendi
784 2256 965 2330 rationem
996 2277 1076 2349 quae
1110 2249 1259 2347 Vergilii
1295 2253 1364 2338 est,

322 2379 400 2477 jam
415 2384 499 2453 ante
512 2380 729 2454 abilomero
745 2385 781 2452 et
792 2379 960 2454 Lucretio
976 2380 1026 2471 (2)
1046 2383 1109 2452 aut
1125 2379 1364 2450 monstratam

326 2506 388 2575 aul
409 2501 678 2586 adumbratam,
705 2498 901 2595 magistros
920 2521 1041 2572 veroa
1061 2496 1242 2593 discipulo
1262 2522 1367 2595 paene

326 2630 521 2721 superatos
547 2648 629 2728 esse
656 2646 731 2696 non
761 2629 818 2696 est
848 2623 1099 2697 infitiandum.
1121 2623 1243 2718 Longe
1264 2622 1380 2703 abest

327 2749 416 2848 quin
443 2749 660 2824 animalium
681 2749 948 2846 descriptiones
965 2752 1028 2820 aut
1047 2747 1145 2842 apud
1157 2747 1367 2821 Lucretium

326 2876 470 2945 tantum
491 2871 613 2945 locum
630 2870 821 2944 obtineant
840 2877 903 2944 aut
928 2872 1024 2969 apud
1042 2873 1243 2952 Homerum
1266 2877 1369 2946 tanta

326 2996 502 3070 varietate
530 2995 818 3091 distinguantur.
840 2998 957 3072 Homo
989 2997 1028 3069 in
1048 3019 1177 3070 eorum
1197 2993 1368 3068 carmini·

328 3122 398 3197 bus
414 3121 567 3219 primus,
581 3120 619 3194 in
640 3124 810 3212 Georgicis
825 3123 1006 3196 secundas
1025 3127 1147 3217 partes
1163 3120 1251 3217 agit.
1269 3119 1369 3193 Cete·

329 3270 426 3335 rum,
440 3246 471 3319 si
486 3269 598 3321 unum
620 3248 771 3317 Aeneida
786 3245 830 3318 de
846 3246 913 3318 hac
927 3269 967 3319 re
981 3270 1065 3321 eum
1080 3247 1106 3319 I
1106 3249 1197 3318 liade
1209 3251 1246 3319 et
1262 3248 1368 3340 Odys-

328 3395 385 3442 sea
420 3371 601 3460 conferes,
637 3368 869 3469 plerumque,
900 3369 972 3443 nisi
1010 3370 1128 3460 lullor,
1165 3373 1367 3446 Homerum

327 3493 506 3582 narranti,
527 3493 731 3590 Vergilium
751 3494 917 3591 pingenti
931 3494 1149 3569 similiorem
1168 3519 1250 3570 esse
1270 3495 1369 3579 exis·
1449 3533 1451 3538 ·

328 3619 490 3695 timebis,
841 3625 843 3629 ’

414 3859 528 3883 .......
555 3805 689 3907 Δράκων
707 3811 756 3875 ἐπὶ
775 3813 861 3875 νῶτα
880 3799 1032 3897 δαφοινὸς

722 3931 747 3960 tl

411 3934 626 4042 Σμερδαλέος,
645 3940 730 4041 ro'rp
767 3936 863 4047 ᾳὺτὸς
890 3928 1066 4028 Ὀὶύμπιος
1081 3915 1139 4017 iius
1157 3932 1295 4032 φόωσδε,

367 4163 728 4240 (enarraturam,
744 4162 911 4220 raro-1331.
930 4214 936 4225 ,
1018 4137 1020 4141 ’

367 4255 406 4328 (2)
422 4255 469 4310 Ab
489 4253 627 4310 Hesiodo
646 4253 758 4321 rarius,
775 4269 832 4309 neo
854 4258 957 4309 tamen
971 4264 1148 4325 nunquam
1164 4253 1203 4309 cl.
1227 4251 1305 4328 Ἔργ.
1323 4271 1357 4306 κα

333 4350 413 4418 ¹Hp„
437 4344 504 4412 51‘2;
521 4342 599 4397 Ἀσπ.
615 4336 739 4414 mpod,
755 4343 868 4399 469474
885 4342 1019 4409 ;303-304
1033 4357 1041 4408 ;
1057 4341 1191 4399 lat-lat.
