3262 5430
716 768 760 780 -
783 721 824 797 31
850 765 895 780 .-

289 897 489 968 eorumque
525 873 654 945 dentes
683 871 845 945 officiose
881 893 1038 966 purgare
1065 871 1142 968 (l);
1191 876 1268 945 tum
1307 898 1327 946 a

290 985 456 1073 Varrone
480 1021 609 1093 capras
625 1020 699 1070 non
715 995 881 1083 naribus
905 995 968 1068 sed
985 995 1137 1072 auribus
1155 995 1325 1092 spiritum

291 1124 436 1212 ducere,
469 1128 505 1196 et
536 1127 697 1209 taurum,
733 1146 816 1194 cum
848 1121 959 1207 ineat,
989 1121 1169 1194 descensu
1202 1122 1260 1194 vel
1290 1122 1328 1194 in

292 1246 560 1321 sinisteriorem
576 1247 635 1319 vel
647 1247 683 1319 in
701 1245 946 1320 dexteriorem
962 1251 1103 1341 partem
1123 1246 1329 1337 significare
1363 1318 1366 1321 ,
1437 1238 1442 1246 ’

293 1376 417 1445 utrum
438 1372 574 1445 lomina
598 1395 645 1443 an
667 1394 745 1443 mas
764 1376 962 1466 conceptus
982 1371 1028 1478 sit
1052 1371 1118 1465 (l),
1141 1343 1332 1466 multaque
1453 1452 1458 1461 ,

295 1496 471 1574 similiasi
483 1495 610 1569 libebit
623 1494 757 1567 disces·
772 1493 1059 1568 Catonis-tamen
1070 1495 1331 1591 ignorantiam,

296 1648 361 1697 uec
393 1621 558 1718 illepide,
588 1622 705 1692 Varro
730 1619 863 1691 riserat
895 1619 959 1714 (3).
985 1619 1079 1706 Quid
1109 1619 1140 1701 si
1169 1621 1332 1705 Catonis,

296 1747 383 1843 quid
406 1750 435 1820 si
468 1748 575 1820 Plinii
602 1747 736 1843 scripta
757 1746 955 1819 excitarem
973 1749 989 1818 ‘l
1009 1749 1112 1834 Quod
1133 1755 1273 1836 contra,
1304 1751 1334 1822 si

297 1874 408 1945 verba
431 1875 506 1945 brec
528 1872 678 1968 Vergilii
698 1873 743 1943 de
762 1872 884 1945 avium
904 1878 1023 1946 cantu
1050 1873 1210 1946 futuram
1236 1882 1331 1947 tem-

213 1992 216 1999 ’
298 1978 477 2094 pestatem
515 1972 744 2092 significante
783 1978 968 2070 memoriae
1005 2005 1232 2085 succurrent,
1268 1999 1333 2072 ali-

69 2117 73 2124 ’
135 2172 141 2183 .
216 2138 257 2166 ·’
297 2120 706 2216 quem-duodevicesimi
726 2121 917 2195 autnostri
933 2123 1057 2195 saeculi
1073 2109 1344 2220 philosophum·

196 2318 201 2327 ,
250 2280 253 2285 ·
298 2246 426 2334 audire
441 2245 507 2318 tibi
529 2245 732 2318 videberis:
755 2285 761 2290 ·

360 2405 453 2467 Haud
468 2406 618 2484 equidem
634 2406 741 2480 credo,
760 2407 837 2484 quia
853 2407 894 2470 sit
910 2407 1066 2468 divinitus
1082 2409 1146 2470 illis

358 2492 539 2583 ingenium,
553 2508 609 2564 aut
624 2521 733 2564 rerum
750 2505 814 2564 sato
830 2505 1004 2582 prudentia
1021 2507 1144 2584 major3

362 2605 494 2678 Verum,
511 2602 567 2663 ubi
584 2607 760 2681 tempestas
776 2608 807 2663 et
823 2603 892 2663 caeli
906 2605 1035 2664 mobilis
1050 2607 1167 2668 humor

355 2703 524 2773 ¹Mutavere
540 2702 620 2775 vias,
639 2702 670 2762 e't
684 2701 834 2779 luppiter
847 2702 965 2762 uvidus
976 2704 1103 2764 Austris

363 2801 481 2860 Dens'et
495 2804 588 2859 erant
603 2818 674 2877 quau
690 2816 763 2859 rara
779 2799 886 2873 modo,
900 2805 931 2860 et
945 2820 1015 2878 quar
1030 2801 1130 2861 densa
1142 2803 1276 2876 relaxat,
1334 2831 1337 2837 ·

296 2945 300 2951 .
345 2899 542 2958 ,vertuntur
554 2898 680 2974 species
695 2898 889 2969 animorum,
905 2903 937 2958 et
949 2904 1081 2976 pectora
1094 2904 1201 2960 motus
1299 2974 1302 2978 ¹

363 2997 453 3056 Nunc
468 2996 560 3068 alios‘,
573 2996 655 3057 alios
669 2988 744 3056 dum
756 2996 866 3056 nubila
878 3000 995 3057 ventus
1005 2997 1132 3075 agebat,

282 3144 286 3151 .
364 3092 626 3173 Concipiunt(t).
688 3161 690 3165 ¹

295 3280 298 3285 ·
351 3255 470 3356 Quare
490 3254 641 3349 Vergilii
669 3240 959 3327 de'animalibus
981 3253 1133 3326 scientia
1152 3251 1338 3348 quondam

305 3375 428 3471 magni
452 3376 715 3462 estimabatur,
739 3400 918 3449 necnunc
937 3377 988 3448 ita
1003 3376 1105 3471 parvi
1124 3375 1341 3448 aestimanda

306 3511 381 3603 cst:
405 3490 577 3596 namque,
600 3501 756 3574 aliorum
789 3500 935 3598 scriptis
960 3524 1034 3573 nou
1058 3500 1208 3573 omnino
1229 3499 1341 3573 confi-

286 3649 383 3729 sus,
413 3625 666 3722 agricolarum
684 3648 771 3697 vero
797 3649 935 3719 suaque
964 3625 1192 3720 experientia
1222 3624 1339 3709 nisus,
1459 3627 1461 3631 ’

309 3750 595 3846 paucaquidem,
611 3752 827 3847 plerumque
837 3756 1080 3838 autemrecta,
1100 3773 1344 3844 necunquam

310 3875 568 3970 superstitiosa
582 3869 768 3973 praecepit.
850 3904 854 3911 ·

346 4089 385 4159 (lt
411 4087 478 4143 Lib.
504 4088 556 4159 VI,
577 4106 645 4162 cap.
661 4104 725 4159 xur,
741 4090 754 4162 g
772 4089 805 4154 (ἐς
824 4088 876 4145 ΙΙΙ).
905 4086 954 4157 IX,
968 4103 1035 4158 cap.
1054 4099 1063 4139 1
1085 4084 1169 4156 (11),§
1189 4085 1220 4153 83
1238 4100 1295 4156 cap
1312 4098 1342 4141 rr
1368 4112 1372 4118 ‚

313 4178 388 4340 (vig),
399 4177 462 4323 inb.
478 4267 513 4337 ΙΙ,
534 4269 607 4341 111‚§
623 4259 722 4335 5;lib.
741 4269 780 4335 ΙΙ,
792 4285 822 4338 ν,
842 4267 855 4339 ἓ
872 4266 900 4322 13
910 4285 916 4332 ;
933 4263 1017 4338 quod
1037 4263 1198 4335 acceperat
1209 4262 1247 4318 ab
1262 4263 1347 4349 Aris·

310 4346 405 4412 lolele
418 4355 494 4428 (Περὶ
506 4355 586 4427 Ζῴων
602 4357 739 4430 γενέσεως,
755 4358 805 4412 lib.
824 4356 873 4426 1V,
895 4371 962 4427 cap.
980 4358 1012 4424 l).

346 4443 385 4515 (3)
403 4445 465 4499 Lib.
478 4445 501 4512 Ι,
519 4460 553 4511 11,
569 4447 638 4518 git.

302 4589 308 4599 ,
348 4533 388 4605 (4)
404 4534 439 4590 G.
455 4535 476 4598 1,
494 4535 620 4594 rra-42⁴2.

740 4663 941 4682 ψ
