3262 5430
333 925 496 1021 Λάψθνῖές
515 922 699 1024 γλώσσῃσιν
715 929 866 1028 ἀραιῇσιν
878 928 980 1022 μέλαν
999 924 1084 1030 ὕδωρ

334 1044 464 1152 Ἄκρον,
485 1051 682 1151 ἐρευγόμενοι
702 1053 796 1145 ρὸνσν
809 1055 970 1147 αἵματος·
990 1060 1019 1120 ἐν
1035 1047 1069 1122 δέ
1087 1077 1122 1147 γε
1142 1051 1242 1147 θυμὸς
1275 1065 1292 1072 ·“
1339 1039 1341 1043 ’

334 1174 483 1255 {addetur
496 1177 637 1274 ἄτρομός
652 1182 728 1258 ἐστι,
747 1184 952 1279 περιστένεται
971 1173 1004 1246 δέ
1014 1202 1045 1246 τε
1057 1185 1196 1280 γαστήρ.
1207 1232 1213 1246 .
1225 1231 1231 1245 .
1243 1173 1295 1274 (ll

256 1384 317 1450 aut
345 1378 389 1449 de
407 1377 512 1448 leone
531 1374 654 1470 pullos
668 1375 930 1448 circumeundo
948 1376 1168 1448 defendente
1187 1401 1194 1448 :

336 1569 410 1633 Παν
426 1558 459 1632 δὲ
473 1555 692 1634 τ’ἐιιισκύνιαν
705 1564 794 1633 κάτω
805 1563 942 1654 ἕλκεται,
961 1561 1033 1632 ὄσσε
1044 1561 1214 1631 καλύπτων
1223 1558 1292 1659 (2)

303 1764 541 1862 Apollonium
567 1763 697 1837 omitte
729 1762 792 1856 qui
819 1763 949 1835 harum
980 1785 1105 1835 rerum
1136 1760 1299 1856 descrip-

232 1888 347 1963 -tioni
384 1894 447 1961 aut
479 1888 573 1961 nihil
604 1893 666 1960 aut
705 1887 765 1959 vix
796 1886 993 1982 quiequam
1022 1881 1108 1958 novi
1140 1883 1296 1957 addidit.

258 2013 431 2088 Omnium
451 2021 573 2086 autem
595 2010 781 2084 memoriae
802 2010 1013 2083 insiderunt
1035 2007 1195 2082 Lucretii
1219 2031 1300 2081 ver·
1345 2055 1350 2063 ·
1401 2073 1404 2076 ,

259 2163 321 2213 sus
337 2163 345 2212 :

623 2336 738 2354 .........
756 2291 836 2350 Hine
853 2310 937 2352 nova
952 2291 1061 2369 proles

317 2388 460 2449 Artubus
475 2388 614 2448 infirmis
629 2392 758 2448 teneras
773 2388 894 2450 lasciva
909 2406 969 2468 per
978 2387 1097 2448 herbas

319 2485 416 2547 Ludit
432 2475 513 2546 laete
528 2503 618 2545 mero
634 2489 760 2546 mentes
774 2485 924 2563 perculsa
937 2483 1081 2545 novellas
1091 2482 1147 2563 (3).

319 2618 569 2695 venantumque
584 2634 682 2694 canes
697 2616 730 2675 in
743 2616 832 2677 molli
848 2633 933 2694 saepe
949 2615 1058 2694 quiete
1076 2599 1081 2610 ⁸
1168 2692 1170 2695 .

314 2716 444 2776 lactant
457 2733 551 2776 crura
567 2719 675 2775 tamen
689 2714 797 2775 subito
809 2714 963 2792 vocisque
976 2715 1109 2791 repente

316 2814 447 2874 Mittunt
461 2819 493 2873 et
504 2812 619 2893 erebro
636 2811 819 2873 redducunt
832 2812 967 2872 naribus
983 2828 1092 2882 auraS,

316 2911 358 2970 Ut
372 2910 510 2989 vestigia
525 2896 553 2970 si
569 2914 703 2970 teneant
716 2911 850 2971 inventa
861 2909 1004 2970 ferarum
1021 2906 1076 2987 (4).

255 3089 410 3181 Quibus,
449 3088 523 3160 uisi
560 3087 853 3161 claudendorum
887 3086 1050 3159 rivorum
1072 3085 1151 3182 jam
1193 3086 1299 3157 ades-

252 3219 310 3288 set
343 3220 503 3310 tempuS,
534 3212 657 3286 locum
679 3212 906 3309 subjicerem
937 3209 1001 3283 ubi
1024 3209 1299 3306 jucundissima

251 3336 414 3431 quadam
438 3333 493 3407 rei
520 3333 749 3429 experientia
771 3332 947 3432 animalis
972 3333 1140 3429 ejusdem
1169 3357 1297 3407 voeem

255 3460 413 3533 diversis
427 3458 657 3556 temporibus
679 3459 864 3532 diversam
885 3480 965 3531 esse
985 3458 1157 3554 exposuit
1170 3457 1298 3532 simul-

255 3613 325 3685 que
345 3611 477 3661 eanum
504 3595 573 3678 aut
596 3590 651 3660 ira
671 3588 800 3660 dentes
820 3585 1039 3661 nudantium
1065 3589 1129 3657 aut
1157 3584 1299 3659 catulos

252 3713 410 3810 pedibus
425 3713 563 3786 blande
577 3711 798 3809 jactantium
815 3732 1070 3808 suspensoque
1085 3710 1213 3783 morsu
1232 3733 1297 3805 pe·

246 3835 411 3908 lentium
439 3839 502 3908 aut
520 3833 647 3930 plagas
674 3831 875 3908 summisso
897 3855 1051 3931 corpore
1076 3833 1296 3930 fugientium

244 3958 449 4055 imaginem
463 3957 606 4030 effinxit
624 3957 694 4053 (5);
713 3964 749 4031 et
761 3954 868 4029 illum
887 3956 1108 4053 subjicerem
1125 3958 1187 4031 ubi
1200 3958 1295 4032 teras

286 4163 324 4236 (1)
341 4161 474 4230 11.XV1,
494 4161 622 4219 rsa-16³.

285 4253 321 4326 (2)
338 4251 373 4308 ll.
390 4251 487 4322 XVll,
504 4251 568 4308 136.
953 4296 955 4302 .

283 4341 322 4416 (3)
338 4341 370 4397 Τ.
384 4344 508 4398 Luereti
529 4341 598 4397 Gari
612 4342 654 4396 De
669 4343 788 4397 Rerum
809 4342 931 4399 Natura
947 4342 1018 4398 libri
1039 4356 1106 4412 sex,
1120 4339 1228 4398 edited
1242 4339 1284 4414 by

248 4432 363 4489 Munro
380 4449 387 4488 :
402 4433 425 4501 l,
440 4431 576 4491 ‘259-261.
1208 4429 1211 4433 ’

288 4520 513 4594 (l)1‚991-994.
546 4587 575 4601 Η

289 4609 327 4682 (5)
342 4609 381 4682 V,
397 4609 560 4668 rota-tort.
